2866 5176
709 310 836 379 ·ld

266 518 324 600 111,
344 517 385 583 58
408 518 597 601 disputavit:
632 518 700 580 ὅταν
732 541 772 587 τις
804 519 844 602 μὴ
878 519 996 601 δύνηται
1017 517 1226 603 ἀπονίψασθαι,
1254 513 1366 600 ἀλλ’ἢ

266 627 359 689 κοιλία
380 627 462 710 αὐτῷ
482 626 665 711 ἐπιφέρηται·
702 627 816 709 λέγεται
845 628 1023 712 ήπαροιμία
1053 627 1099 690 ἐπὶ
1119 631 1176 689 τῶν
1200 627 1367 710 ἀνωφελῶς

267 734 480 818 πραττομένων.
504 736 544 801 cf.
560 741 673 820 Apost.
700 736 797 818 14,78.
817 741 897 822 App.
917 739 973 818 IV,
996 737 1044 800 61.
1067 737 1189 799 Erasm.
1211 756 1242 818 p.
1266 732 1338 798 273.

366 845 451 908 Huic
474 846 612 910 obsceno
635 847 806 930 proverbio
829 848 916 911 aliud
938 846 1065 928 addam,
1100 844 1184 928 quod
1217 845 1293 908 item
1322 843 1368 907 ad

266 953 412 1037 podicem
434 962 567 1038 spectat.
610 956 648 1018 In
672 976 741 1037 pac.
767 953 927 1017 lass-31
951 956 1098 1037 legimns:

268 1082 448 1170 (Γρυηαῖοςτ)
471 1087 658 1151 ἐναποπατεῖν
679 1088 735 1173 ηάρ
759 1087 816 1150 ἐστ’
839 1087 998 1172 ἐπιτήδειος
1020 1089 1095 1149 πάνυ
1119 1087 1177 1170 (sc.
1201 1086 1216 1148 ὁ
1239 1086 1366 1170 θώραξ).

267 1193 530 1280 (θωρακοπώληςτ)
553 1193 661 1258 παῦσαι
683 1199 711 1280 μ’
733 1196 852 1281 ὑβρίζειν
875 1201 932 1265 τοῖς
955 1197 1048 1280 ἐμοῖσι
1068 1197 1222 1282 χρήμασι,

266 1299 448 1388 (Τρυγαῖοςτ)
472 1306 533 1387 ὡδὶ,
556 1304 713 1390 παραθέντι
734 1308 809 1389 τρεῖς
831 1304 938 1388 λίθους,

264 1437 319 1500 ubi
336 1438 523 1504 scholiastes
539 1448 677 1520 annotat,
699 1449 825 1524 poetam
843 1441 950 1504 verbis
965 1442 1039 1524 τρεῖς
1055 1439 1154 1504 λίθους
1168 1439 1368 1503 locutionem

264 1547 418 1629 tetigisse,
441 1568 522 1632 quae
544 1549 586 1611 sit

403 1661 496 1739 τρεῖς
518 1655 585 1718 εἰσὶ
606 1655 724 1718 ἱκανοὶ
746 1657 906 1742 πρωκτὸν
929 1656 1111 1740 ἀπομάξαι
1135 1657 1229 1719 λίθοι

265 1784 315 1846 cui
338 1784 495 1849 interdum
518 1784 644 1848 additus
668 1785 710 1847 sit
731 1803 844 1848 vorsus

433 1906 472 1971 ἀν
495 1909 558 1972 ὦσι
582 1913 742 1994 τραχεῖς,
764 1907 802 1970 ἂν
826 1908 863 1970 δὲ
886 1909 991 1990 λεῖοι,
1014 1906 1191 1989 τέτταρες.

263 2041 311 2105 De
336 2042 428 2126 hujus
451 2045 577 2126 generis
599 2044 813 2107 locutionibus
842 2041 987 2106 conferas
1013 2061 1093 2125 quae
1115 2041 1304 2106 Leutschins
1333 2044 1368 2106 in

263 2149 385 2216 adnott.
410 2153 451 2215 ad
473 2155 557 2237 App.
580 2153 637 2233 IV,
660 2152 699 2214 cr
723 2153 890 2217 disseruit:
915 2150 1053 2231 „Graeci
1076 2172 1146 2214 curn
1168 2157 1275 2215 essent
1296 2151 1368 2216 dili·

264 2266 376 2340 gentes
398 2268 472 2344 post
488 2281 568 2345 opus
590 2261 777 2325 adsellatum
798 2262 924 2346 podicis
947 2269 1145 2344 purgatores,
1167 2259 1301 2324 facetias
1324 2263 1368 2324 ab

264 2376 337 2432 actu
360 2369 423 2433 isto
446 2370 603 2455 purgandi
626 2370 787 2435 derivatas
809 2380 874 2434 tam
896 2370 991 2434 facilc
1012 2371 1077 2433 risu
1101 2375 1307 2452 exceperunt,
1330 2376 1368 2433 ut

261 2497 330 2542 eum
352 2499 600 2544 commemorare
623 2481 742 2555 *comici
769 2481 972 2544 vehementer
999 2487 1151 2543 amarent.
1197 2477 1236 2541 cl.
1260 2479 1363 2544 Arist.

262 2587 398 2668 Lysistr.
423 2587 515 2652 1035:
552 2588 617 2650 ἀλλ’
645 2588 790 2672 ἀποψήσω
818 2589 844 2649 θ’
867 2589 940 2669 ἐγὼ,
974 2587 1063 2650 καίτοι
1084 2589 1159 2650 πάνυ
1182 2587 1308 2670 πονηρὸς
1331 2586 1366 2654 εί.

262 2717 327 2759 ran.
344 2695 420 2759 49οε
445 2695 503 2777 ἐγώ
520 2698 545 2759 δ’
562 2695 683 2779 ἀνέστην
700 2697 746 2758 καὶ
767 2696 881 2779 προσέτ’
903 2697 1113 2781 ἀπεψησάμην·
1136 2697 1290 2779 agebatur
1312 2717 1368 2762 res

262 2807 406 2888 spongiis
428 2826 491 2870 non
514 2806 614 2870 solum
637 2813 669 2870 et
686 2805 831 2870 alliorum
854 2806 949 2887 foliis,
973 2806 1028 2870 sed
1051 2807 1146 2870 etiam
1169 2806 1364 2889 lapidibus.“

361 2915 425 2980 Sed
447 2915 558 2980 redeat
581 2915 774 2996 dissertatio,
796 2915 880 2980 unde
903 2916 1076 2980 aberravit.

360 3024 409 3090 De
431 3033 500 3089 arte
522 3043 540 3088 e
562 3024 629 3087 luto
653 3045 729 3088 vasa
754 3025 894 3107 fingendi
920 3032 1069 3109 prompta
1097 3031 1147 3089 est
1173 3025 1295 3089 locutio
1327 3025 1367 3087 ἐν

262 3132 352 3216 πίθῳ
374 3135 438 3214 τὴν
461 3134 657 3215 κεραμείαν
680 3135 885 3215 μανθάνειν,
921 3155 983 3217 qua
1005 3134 1193 3198 scholiastes
1216 3133 1367 3199 Platonis

260 3263 291 3325 p.
307 3241 368 3304 322
391 3242 454 3327 (ed.
472 3242 588 3325 Beklr.)
611 3243 746 3307 tradidit
760 3244 1006 3326 Aristophanem
1029 3244 1061 3306 in
1084 3243 1256 3323 comoedia,
1280 3264 1368 3326 quae

261 3360 346 3416 esset
369 3350 550 3434 Προαγῶνες,
573 3353 662 3415 usum
687 3371 767 3432 esse,
792 3352 830 3416 cf.
848 3352 952 3434 frgmt.
969 3350 1019 3413 81.
1055 3350 1138 3428 Quid
1160 3353 1368 3434 proverbium

260 3461 431 3544 significet,
464 3469 605 3525 veterum
639 3463 816 3526 sententiae
848 3463 986 3544 variana
1021 3462 1138 3525 Zenob.
1162 3460 1224 3541 ΙΙΙ,
1258 3459 1299 3521 65
1332 3470 1368 3526 et

258 3571 353 3652 Diog.
376 3570 425 3651 H,
449 3568 488 3630 65
509 3571 589 3634 haec
611 3570 754 3635 tradunt:
788 3569 834 3630 ἐπὶ
855 3575 912 3632 τῶν
935 3571 986 3637 τάς
1007 3570 1125 3652 πρώτας
1147 3569 1197 3651 μὲν
1221 3569 1368 3653 μαθήσεις

259 3674 500 3762 ὑπερβαινόντων,
534 3678 706 3762 ἁπτομένων
733 3679 766 3741 δέ
793 3677 906 3746 εὐθέως
933 3682 990 3740 τῶν
1013 3676 1164 3760 μειζόνων·
1196 3681 1237 3746 ὡς
1267 3677 1296 3740 εί
1324 3701 1367 3747 τις

260 3786 398 3869 μανθάνει
430 3787 596 3870 κεραμεύειν
628 3789 690 3871 πρὶν
720 3787 754 3851 άν
785 3791 885 3871 μαθεῖν
911 3788 1031 3855 πίνακας
1056 3786 1074 3868 ἢ
1105 3786 1181 3849 ἀλλο
1208 3811 1233 3848 τι
1255 3792 1367 3870 μικρῶν

258 3897 403 3979 πράττειν,
437 3897 519 3957 πίθον
553 3895 698 3981 ἐγχειροίη
733 3901 829 3960 ποιεῖν.
877 3896 1051 3980 Δικαίαρχος
1072 3896 1105 3958 δὲ
1127 3895 1224 3979 ἕτερόν
1246 3919 1272 3957 τι
1294 3898 1368 3980 φησὶ

261 4007 312 4086 τὴν
335 4004 487 4088 παροιμίαν
511 4006 632 4089 δηλοῦν·
660 4007 749 4068 οἱονεῖ
767 4009 818 4089 τὴν
841 4006 965 4089 μελέτην
988 4005 1018 4067 ἐν
1042 4011 1086 4089 τῷ
1107 4005 1199 4089 ὁμοίῳ
1222 4005 1371 4070 ποιεῖσθαι

260 4114 300 4181 ὡς
323 4113 499 4199 κυβερνήτης
525 4114 571 4176 ἐπὶ
597 4115 664 4198 νηὸς
692 4116 738 4176 καί
764 4115 882 4200 ήνίοχος
911 4116 956 4199 ἐφ’
984 4115 1088 4176 ἵππων.
1142 4115 1366 4181 Dicaearchus

259 4222 357 4304 igitur
380 4224 583 4306 proverbium
598 4225 645 4288 sic
668 4225 806 4308 intelligi
820 4226 896 4306 vult,
918 4235 953 4289 ut
969 4232 1139 4305 cognatum
1154 4224 1196 4287 sit
1214 4225 1253 4304 ei,
1276 4228 1366 4308 quod

260 4339 292 4396 et
315 4332 399 4413 apud
421 4333 582 4396 Romanos
606 4342 639 4398 et
661 4334 747 4417 apud
770 4353 827 4398 nos
851 4341 900 4398 est
935 4355 996 4413 „ne
1024 4341 1113 4397 sutor
1136 4353 1232 4416 snpra
1255 4337 1366 4418 crepi-

260 4441 361 4505 dam.“
400 4441 492 4506 Hanc
512 4451 616 4508 autem
638 4442 933 4528 interpretationem
955 4463 1107 4530 nusquam
1123 4444 1367 4531 comprobatam
