2782 5032
667 336 791 399 75·

590 425 788 433 ————.

242 543 381 608 Similem
403 541 620 624 metaphoram
643 539 804 621 vulgarem
828 543 1052 601 commemorat
1075 534 1189 600 Suidas
1211 554 1236 598 s.

142 674 171 716 v.
199 653 389 735 παραλούμοιι;
412 652 623 732 παροιμιανῶς·
648 648 790 710 εἰώθεσαν
811 644 865 727 γὰρ
880 642 1018 727 πρότερον
1034 643 1064 705 ἐν
1077 647 1135 711 τοῖς
1151 643 1237 727 βαλα-

141 761 225 828 νείοις
235 761 259 822 οἱ
269 754 792 842 πλούσιοιποιραλούειντοὺςπέντγτας.
805 749 1124 838 ἈριστομἊναγύριρε
1141 751 1238 832 „itta

140 871 248 937 πάντας
261 869 317 953 χρὴ
340 866 584 947 παραλοῦοθαι
606 866 733 934 καὶτοὺς
755 863 896 946 σπόγγους
911 865 969 929 ἐᾶν.
994 864 1034 929 ol.
1048 864 1152 947 frgmt.
1170 861 1236 926 150.

242 977 430 1042 Accedimus
450 976 491 1039 ad
511 976 712 1056 locutionem,
735 996 828 1058 quam
844 975 905 1039 etsi
921 994 1024 1056 neque
1046 972 1238 1039 scholiastae

141 1105 244 1166 neque
264 1085 543 1170 paroemiographi
569 1105 673 1166 neque
699 1084 921 1167 lexicographi
949 1090 983 1146 ut
1005 1081 1238 1167 proverbialem

143 1197 333 1276 notaverint,
384 1203 490 1260 tamon
532 1193 696 1277 proverbii
742 1193 846 1256 locum
883 1192 1058 1256 obtinuisse
1093 1190 1239 1273 equidem

145 1303 296 1368 existimo.
340 1304 422 1367 Dieo
444 1304 650 1383 locutionem,
678 1322 771 1383 quam
793 1302 825 1364 in
846 1302 920 1383 Lys.
943 1299 1069 1361 lla-4
1090 1300 1237 1383 legimus:

339 1410 368 1474 εἰ
381 1409 455 1495 τᾶρα
477 1412 512 1494 νή
537 1409 587 1492 τήν
613 1407 778 1493 Φωσφόρον
802 1410 852 1493 τήν
874 1411 946 1494 χεῖρ’
969 1407 1059 1490 ἄκραν

339 1519 430 1604 ταύτῃ
454 1520 626 1603 προσοίσοις,
648 1517 782 1581 κύαθον
805 1518 955 1601 αἰτήσεις
977 1518 1078 1602 τάχα.

152 1623 234 1702 Quae
266 1633 364 1697 verba
394 1630 559 1694 mulierum
592 1650 654 1694 una
675 1629 816 1712 loquitur
836 1629 868 1690 in
891 1629 972 1707 rixa,
1006 1646 1087 1710 quae
1114 1627 1144 1689 ei
1170 1645 1239 1689 oum

152 1751 222 1802 sene
246 1746 324 1821 erat,
357 1760 448 1823 quem
482 1746 578 1823 poeta
602 1735 770 1822 Πρόβουλος
803 1737 987 1821 appellavit.
1032 1735 1239 1801 Locutiouem

152 1841 250 1908 κύαθον
271 1848 394 1932 αἰτήσεις
415 1849 493 1932 τάχα
509 1847 649 1931 explieat
666 1847 854 1911 scholiastes
876 1867 947 1930 per:
968 1843 1013 1905 ἵνα
1035 1843 1165 1927 προςθής
1181 1846 1241 1910 ταῖς

154 1953 257 2028 γνάθοις
278 1958 335 2040 (sc.
357 1956 494 2040 αύαθον)·
518 1956 610 2041 οὕτως
633 1956 829 2039 ύπωττισθήσγγ
852 1955 899 2038 ὑφ’
920 1955 1019 2036 ήμῶν·
1046 1952 1165 2035 γέμουσι
1186 1950 1240 2034 γὰρ

155 2059 252 2127 κύαθον
283 2069 403 2150 θερμοῦ,
436 2065 483 2128 καὶ
505 2068 706 2148 προςκολλῶσι
727 2069 785 2132 τοῖς
807 2064 943 2147 οἰδήμασι
968 2063 1015 2124 καὶ
1041 2060 1239 2144 θεραπεύεται.

157 2165 267 2239 Similia
292 2183 364 2240 sunt
395 2177 427 2239 in
461 2196 529 2260 pao.
553 2172 627 2236 542:
662 2175 781 2239 κυάθοις
801 2171 1007 2254 προςκείμεναι,
1036 2191 1117 2253 quae
1141 2170 1241 2233 verba

103 2338 105 2345 .
156 2274 232 2346 idem
253 2285 432 2368 significant
454 2295 548 2367 atque
572 2304 653 2368 quae
675 2284 820 2367 proximo
842 2301 937 2345 versu
960 2287 1055 2344 antea
1082 2279 1241 2343 continen-

103 2400 105 2405 ’
156 2389 212 2452 tur:
244 2395 394 2478 δαιμονίως
420 2392 647 2476 ὑπωπιασμέναι.
692 2392 791 2469 Quam
824 2392 1030 2471 locutionem,
1064 2407 1240 2472 quanquam

156 2495 234 2564 nullo
254 2511 394 2568 veterum
417 2503 598 2567 testimonio
625 2502 775 2566 docemur
798 2501 895 2577 fuisso
928 2500 1103 2580 vulgarem,
1136 2505 1241 2561 tamen

155 2597 299 2676 hocloco
322 2613 449 2677 silentio
472 2613 648 2697 praeterire
671 2631 733 2675 non
763 2610 864 2693 potui,
899 2631 968 2672 oum
1005 2609 1080 2671 mini
1113 2606 1240 2690 quidem

157 2726 261 2809 magna
281 2723 444 2807 proverbii
467 2722 593 2803 speeies
616 2721 645 2784 ei
668 2722 772 2784 inesse
795 2720 949 2783 uideatur.

248 2831 317 2896 Hoc
347 2832 420 2896 loco
453 2830 656 2912 proverbium
688 2829 803 2893 afferre
836 2829 910 2891 mihi
944 2828 1053 2906 liceat,
1087 2824 1171 2906 quod
1193 2828 1242 2886 est

155 2943 302 3007 πΡιυκτίνς
326 2942 474 3020 λουτροῦ
491 2938 741 3021 περιγίγνεται,
765 2938 804 3002 de
828 2958 889 3020 quo
906 2957 986 3020 qaue
1002 2934 1153 2999 Rohdew.
1176 2932 1197 2994 l.
1214 2951 1241 2994 c.

154 3031 321 3125 disputavit
343 3047 579 3133 comprobanda
601 3055 687 3113 sunt:
723 3048 945 3131 „prouerbium
978 3047 1018 3109 ab
1041 3045 1087 3109 eis
1109 3043 1243 3126 petitum

154 3152 213 3227 ⁰⁸l2
241 3159 292 3240 qui
319 3159 383 3222 alvi
403 3157 560 3242 profluvio
583 3157 731 3221 laborant
753 3164 785 3219 et
806 3176 935 3238 operam
962 3155 1098 3240 perdunt
1120 3155 1151 3215 in
1175 3171 1244 3233 pur-

154 3261 265 3347 gando,
298 3269 344 3331 ita
376 3277 411 3330 ut
443 3266 548 3351 podex
570 3265 719 3330 lotionem
745 3265 860 3344 vincat,
896 3265 1001 3348 quiin
1023 3265 1085 3326 ista
1106 3260 1244 3324 victoria

154 3354 220 3440 lpse
238 3377 402 3439 maximum
419 3375 499 3438 facit
522 3375 750 3455 detrimentum,
774 3375 901 3439 seilicet
915 3373 1016 3455 magis
1038 3369 1243 3435 immunditiis

154 3479 311 3565 magisque
333 3485 514 3568 inquinatus
537 3494 569 3547 et
595 3485 753 3547 obtectus:
779 3483 981 3566 proverbium
1008 3487 1095 3544 recte
1118 3484 1150 3542 et
1171 3476 1244 3540 ridi·

155 3580 222 3647 cula
238 3594 475 3677 comparatione
489 3593 521 3655 in
538 3612 645 3656 omues
663 3592 726 3655 diei
743 3600 879 3676 poterat
904 3592 957 3675 qui
973 3592 1114 3672 ipsorum
1130 3589 1243 3650 damno

154 3681 183 3747 in
202 3712 241 3762 re
259 3702 361 3766 inutili
390 3702 564 3766 vincerent.
608 3701 713 3778 Quare
747 3722 829 3784 quae
862 3703 893 3764 in
931 3720 1015 3783 resp.
1050 3697 1111 3760 cot
1133 3695 1245 3779 adeq-

155 3790 242 3870 6Ῑθοο
264 3813 345 3895 patri
368 3811 408 3875 de
429 3812 563 3894 imperio
586 3832 643 3875 suo
667 3811 868 3895 praedicanti
891 3809 1095 3874 vaticinatur:

189 3902 323 4003 ἔμπλησο
347 3920 455 4002 λέγων·
479 3922 594 3988 πάντως
615 3922 670 4003 γάρ
694 3943 736 3980 τοι
759 3920 863 3981 παύσει
883 3919 952 3981 ποτὲ
974 3917 1169 4000 κάναφανήσει

157 4112 163 4125 ι
188 4029 323 4102 προικτθς
346 4031 468 4111 λουτροῦ
490 4029 717 4112 περιγιγνόμενος
738 4033 789 4109 τῆς
812 4027 906 4114 ἀρχῆς
928 4032 978 4110 τῆς
1000 4025 1184 4111 περισέμνου·

154 4133 181 4179 ¹¹¹
200 4123 285 4201 hanc
307 4139 495 4203 sententium
519 4138 707 4222 accipienda
730 4145 814 4201 sunt:
830 4138 985 4222 prolecto
1009 4135 1085 4199 nihil
1107 4133 1246 4198 verbosa

156 4234 205 4296 tua
230 4243 441 4331 disputatione
464 4250 669 4331 consequeris
692 4247 755 4310 uisi
777 4247 862 4310 idem
896 4245 980 4331 quod
1013 4240 1158 4327 πρωκτός,
1191 4241 1245 4322 qui

156 4334 299 4419 lotionem
343 4357 487 4424 vicerit.“
549 4357 648 4434 Quam
690 4357 985 4438 interpretationem
1021 4351 1173 4416 Rohdew.
1208 4368 1247 4413 ex

158 4447 282 4530 scholiis
303 4466 344 4533 ad
366 4468 395 4531 h.
419 4467 439 4531 l.
465 4467 620 4533 exhausit.
665 4464 819 4531 Similiter
840 4466 880 4531 do
902 4463 1073 4550 prouerbio
1096 4459 1190 4542 Diog.
1206 4457 1246 4522 V.
