2866 5176
96 725 159 768 non
182 705 316 771 fortiter
330 706 545 788 audacterque
568 706 721 787 subirent,
748 707 804 770 sed
831 707 943 789 quavis
966 708 1089 773 ratione
1112 708 1195 773 devi-

97 823 166 878 tare
189 820 350 898 cuperent.
395 815 545 879 Erasmus
568 836 597 898 p.
613 814 674 876 555
692 816 988 900 interpretationem
1009 817 1090 881 hanc
1106 839 1195 899 prae-

97 925 163 986 bet:
189 943 278 1004 „cum
304 924 408 1006 agitur
426 923 577 1008 periculo,
601 944 661 987 nou
686 926 835 989 convenit
856 926 1075 1007 tergiversari3
1098 933 1152 990 aut
1167 928 1193 991 si

95 1032 212 1112 mavis,
245 1033 277 1094 in
310 1040 542 1114 praesentaneo
568 1032 712 1116 periculo
739 1054 800 1097 uon
835 1044 963 1118 oportet
995 1035 1195 1100 occasionem

96 1147 294 1225 exspectare,
318 1141 581 1223 quemadmodum
602 1142 674 1204 aliis
698 1143 729 1205 in
752 1125 875 1206 rebus.¹
900 1143 998 1208 Velut
1020 1144 1045 1207 si
1070 1145 1140 1227 quis
1161 1146 1194 1208 in

96 1251 205 1312 morbo
239 1251 559 1332 capitali'medicnm
597 1234 761 1334 operiatur
793 1252 948 1334 insignem
985 1259 1040 1316 aut
1082 1254 1195 1337 procul

97 1358 352 1422 arcessendum“.
389 1360 507 1424 Iterum
529 1360 646 1442 legitur
668 1340 787 1423 locutio
810 1360 841 1423 in
857 1358 961 1442 frgmt.
978 1358 1039 1422 318
1062 1369 1094 1425 et
1111 1361 1193 1426 Plat.

95 1467 136 1530 de
157 1467 241 1549 legg.
266 1466 294 1529 0.

195 1578 223 1639 Α
247 1577 420 1640 certamine
443 1596 553 1640 cursus
568 1577 737 1641 nonnullae
754 1578 959 1660 metaphorae
975 1578 1194 1661 proverbiales

86 1682 261 1766 'profectae
283 1690 362 1762 sunt,
386 1705 467 1768 quae
491 1701 564 1750 snut
592 1685 658 1747 ἀπὸ
693 1685 881 1771 βαλβίδοτ,
917 1686 987 1746 ἀπο
1014 1692 1194 1770 γραμμῆς,

95 1791 162 1853 ἀπὸ
185 1793 382 1876 inula-(oq
405 1814 534 1876 quarum
552 1794 683 1877 primam
700 1794 876 1858 invenimus
898 1795 929 1857 in
952 1815 1039 1878 vesp.
1055 1794 1125 1876 548,
1140 1796 1195 1859 ubi

94 1901 281 1966 Philocleon
305 1902 505 1966 demonstare
528 1902 646 1982 studet,
664 1902 807 1985 judicum
831 1922 940 1966 munus
965 1905 1101 1967 omnium
1124 1923 1195 1968 esse

89 2010 370 2094 jucundissimum:
459 1998 461 2003 ¹

137 2119 261 2202 καὶμὴν
283 2118 370 2185 εὐθὺς
391 2120 416 2199 γ’
440 2117 506 2180 ἀπὸ
529 2119 706 2205 βαλβίδων
726 2117 789 2201 περὶ
811 2123 862 2200 τῆς
884 2119 978 2204 ἀρχῆς
1000 2119 1143 2190 ἀποδείξω

137 2233 188 2309 τῆς
209 2227 351 2310 ἡμετέρας
374 2229 415 2294 ὡς
437 2227 572 2311 οὐδεμιᾶς
594 2228 689 2311 ἥττων
709 2213 784 2289 ’ἐστὶν
808 2228 962 2311 βασιλείας.

96 2338 176 2402 Orta
198 2350 248 2402 est
268 2337 388 2400 locutio
412 2335 468 2397 ἀπὸ
492 2337 636 2421 βαλβίδων
659 2357 678 2399 a
699 2336 795 2400 stadii
818 2337 1015 2418 carceribus,
1039 2339 1194 2420 aquibus

96 2467 225 2511 currere
247 2446 458 2528 incipiebant3
483 2454 678 2529 quapropter
699 2452 787 2510 reete
813 2445 930 2509 Zenob.
946 2446 987 2525 II,
1011 2444 1028 2506 7
1053 2447 1196 2529 explicat

95 2577 164 2620 eam
188 2575 260 2639 per:
283 2554 341 2616 οἷον
365 2552 421 2614 ἀπο
445 2553 553 2638 ἀρχῆς·
596 2553 717 2617 sanem
739 2555 880 2618 occurrit
901 2555 933 2617 in
956 2575 1026 2637 equ.
1052 2555 1146 2618 1159:

337 2659 410 2744 dice:
432 2661 489 2722 ἀπὸ
511 2663 657 2748 βαλβίδων
680 2661 732 2744 ἐμέ
754 2684 785 2723 τε
805 2663 852 2724 καὶ
874 2664 987 2725 τουτονί

336 2771 380 2831 ἵνα
403 2772 428 2831 σ’
450 2767 482 2833 εὖ
505 2776 632 2852 ποιῶμεν
656 2770 684 2840 ἐξ
706 2768 779 2836 ἴσου.

93 2879 196 2945 Simili
221 2880 345 2943 ratione
367 2899 386 2942 a
409 2879 607 2961 Dicaaopole
628 2880 662 2942 in
683 2881 763 2943 Ach.
786 2879 847 2942 483
873 2880 994 2944 locutio
1027 2883 1144 2963 γραμμὴ
1169 2882 1194 2945 δ’

92 2987 180 3071 αὑτγΐ
206 2994 359 3073 usurpata
381 2995 442 3066 est,
476 2989 517 3052 de
543 3009 604 3070 qua
627 2988 720 3070 Diog.
744 2988 784 3069 ll,
807 2986 879 3051 sea
900 2989 978 3052 haec
1011 2989 1104 3055 dicit:
1137 2989 1194 3052 aiut

90 3101 227 3181 γραμμῆς
249 3097 352 3178 αὐτῆςε
387 3096 419 3158 ἐκ
453 3100 618 3180 μεταφορᾶς
651 3102 707 3158 τῶν
740 3095 902 3181 τρεχόντων
931 3104 963 3162 et
985 3097 1072 3162 Suid.
1101 3119 1124 3163 s.
1149 3121 1192 3163 v,:

92 3207 151 3270 οἷον
174 3206 231 3267 ἀπὸ
255 3207 362 3290 ἀρχῆς·
396 3204 428 3266 ἐκ
462 3209 626 3288 μεταφορᾶς
649 3210 701 3289 τῆς
730 3208 787 3266 τῶν
811 3204 943 3288 δρομέων
966 3205 1126 3289 ἁφετημίας
1148 3207 1195 3268 καὶ

90 3319 235 3398 γραμμῆς,
259 3315 294 3397 ἣν
318 3312 417 3398 ἄφεσιν
440 3314 486 3375 καὶ
507 3315 632 3399 βαλβῐδα
654 3316 800 3378 καλοῦσιν.

194 3424 312 3488 Similis
335 3424 457 3487 locutio
480 3425 616 3504 itemque
648 3442 668 3486 a
700 3423 873 3487 certamine
900 3443 1010 3486 cursus
1039 3424 1194 3487 translata

91 3541 146 3604 est
165 3532 232 3595 ἀπὸ
259 3535 338 3609 μιᾶς
361 3531 554 3613 ὕσπληγος,
582 3532 670 3613 eujus
693 3532 782 3594 vocis
806 3531 907 3595 forma
930 3532 1041 3596 dorica
1063 3540 1112 3596 est
1135 3532 1192 3593 ἀπὸ

92 3645 157 3726 μιᾶς
180 3641 366 3722 ὑσπλαγίδος,
389 3661 470 3723 quae
492 3640 609 3721 legitur
630 3640 662 3701 in
677 3639 750 3722 Lys.
773 3638 858 3720 1000,
882 3641 935 3703 ubi
951 3640 1193 3704 nuncinsLace·

93 3752 248 3816 daemone
271 3751 384 3814 missus
406 3749 485 3812 haec
510 3749 596 3812 fucta
619 3768 698 3826 esse,
719 3747 831 3813 refert:

750 3852 824 3938 ἆρχε
847 3903 853 3918 .
878 3904 884 3918 .
907 3905 914 3920 .
939 3905 945 3919 .
969 3856 1091 3941 dapum,

292 3965 391 4030 ἔπειτα
414 3964 520 4028 τᾶλλαι
542 3964 587 4028 παλ
609 3962 681 4026 κατὰ
705 3962 840 4047 Σπάρταν
863 3964 925 4045 ἁμᾶ

292 4080 422 4157 γυναῖκες
437 4067 512 4158 ᾇπερ
535 4073 592 4135 ἀπὸ
623 4075 702 4155 μιᾶς
730 4073 951 4153 ὑσπλαγίδος

294 4186 429 4268 ἀπήλααν
452 4186 508 4251 τὼς
532 4181 638 4265 ἄνδρας
661 4181 718 4243 ἀπὸ
741 4185 798 4243 τῶν
822 4182 965 4262 ὑσσάκων,

92 4294 207 4378 quibus
229 4295 335 4358 verbis
357 4294 490 4356 nuncius
512 4291 619 4372 refert,
641 4290 740 4356 veluti
762 4292 794 4352 in
817 4291 930 4371 stadio,
954 4292 1027 4355 fune
1043 4291 1191 4372 demisse,

92 4423 241 4469 cursores
263 4422 370 4467 omnes
393 4401 485 4466 simul
508 4421 636 4466 currere
657 4401 850 4483 inciperent,
884 4401 930 4464 ita
952 4399 1192 4464 Lacedaemone

92 4531 201 4579 omnes
224 4510 372 4576 mulieres
395 4511 505 4576 eodem
528 4519 671 4594 tempore
692 4528 842 4591 negasse,
877 4528 911 4572 se
933 4509 1117 4573 maritorum
1139 4528 1192 4573 vo·

91 4621 208 4687 luntati
231 4623 439 4686 obsecuturus
462 4639 542 4685 esse.
