2782 5032
52 610 164 677 medie
186 610 346 694 relinque;
369 631 408 679 ea
431 613 534 677 autem
558 612 666 691 verba,
689 609 824 692 quaein
846 608 973 674 Thesm.
998 608 1025 672 l.
1046 608 1160 675 Mnesi-

53 718 174 785 loehus
197 706 237 783 ad
260 719 447 804 Euripidem
470 739 641 784 conversus
665 718 754 799 dixit,
778 738 925 801 sperans,
949 716 1018 782 fore
1039 725 1074 781 ut
1096 725 1161 782 tan·

53 827 131 892 dem
155 829 203 892 ire
225 828 393 910 desineret,
417 829 558 912 speeiem
580 827 745 911 proverbii
764 827 883 892 habere
905 827 981 890 mihi
1005 827 1160 892 videntur.

51 936 150 1010 Haeo
174 944 247 1002 sunt
267 939 379 1003 rerba:
403 935 510 1018 ὣΖεῦ,
534 937 660 1022 χελιδὼν
683 933 740 1018 ripa
763 960 834 1000 ποτε
850 938 1022 1020 pertinerem
1042 936 1075 999 in
1097 936 1162 1018 qui·

54 1046 119 1108 bus
136 1047 214 1128 quin·
227 1047 413 1130 metaphora
436 1046 645 1127 contineatur,
668 1047 785 1118 nemini
801 1046 930 1110 dubium
948 1064 1019 1110 esse
1042 1050 1162 1127 potest;

52 1154 115 1229 vel¹
133 1175 195 1238 ego
217 1176 282 1219 non
304 1155 414 1219 dubito
436 1155 606 1244 affirmare,
628 1156 711 1218 hene
732 1155 926 1220 locutionem
941 1154 973 1218 in
996 1172 1052 1217 ore
1073 1153 1162 1236 vulgi

52 1272 221 1328 versatam
245 1271 279 1329 et
300 1264 340 1328 da
360 1265 399 1328 iis
422 1265 540 1328 dietam
576 1264 688 1336 fuisse,
723 1265 777 1346 qui
799 1270 963 1349 optarent,
993 1269 1028 1326 ut
1049 1281 1163 1326 moxe

52 1374 152 1452 malo,
176 1393 239 1455 quo
261 1374 525 1456 opprimerentur,
547 1360 770 1437 liberarentur.
808 1373 890 1437 Nam
911 1373 973 1435 hue
994 1370 1175 1435 referenda

54 1489 131 1546 sunt
153 1501 235 1563 quae
258 1482 291 1544 in
312 1481 418 1564 frgmt.
433 1481 495 1543 499
518 1503 557 1546 ex
580 1481 776 1546 schohPlat.
801 1503 831 1565 p.
848 1479 908 1542 371
931 1480 1033 1565 petita
1058 1479 1164 1561 legun·

54 1598 123 1653 tur:
160 1589 265 1668 πυθοῦ,
299 1591 426 1674 χελιδὼν
459 1590 552 1672 πηνίκ’
586 1581 658 1652 α’ίττα
692 1590 830 1674 φαίνεται.
875 1591 958 1653 Mira
988 1594 1060 1652 sunt
1082 1607 1164 1671 quae

53 1698 193 1762 Photius
216 1722 246 1783 p.
268 1698 382 1779 493,12
415 1700 456 1763 ad
489 1700 569 1763 haee
593 1697 786 1782 explicanda
819 1699 940 1778 attulit,
974 1698 1113 1780 repetita
1145 1717 1164 1759 a

56 1807 177 1872 Suida:
199 1805 301 1871 ssohun
322 1809 490 1892 χελιδόνος·
512 1807 649 1890 παροιμία
671 1805 730 1869 ded
750 1830 823 1875 τινος
838 1804 999 1874 Χελιδόνος
1021 1803 1165 1887 θεολόγον

55 1915 164 1999 ἀνδρὸς
200 1915 251 1991 ,καὶ
286 1915 503 2000 τερατοσκόπου
540 1915 587 1978 καὶ
624 1915 688 1998 περὶ
721 1918 847 1978 τελετῶν
879 1913 1090 1996 διειλεγμένου,
1125 1915 1166 1983 ὡς

56 2022 199 2092 hieroam
222 2024 252 2097 ιθ
282 2023 412 2108 Πατρεὺς
443 2023 473 2087 ἐν
506 2029 550 2108 τῷ
572 2023 726 2109 Περίπλῳ·
761 2025 788 2085 οἱ
815 2024 848 2087 δὲ
875 2023 918 2086 ὅτι
939 2024 1109 2107 θρηνητικὸν
1131 2021 1164 2083 τὸ

57 2139 152 2218 ζῷον,
174 2134 202 2194 οἱ
224 2133 257 2203 δὲ
279 2133 377 2196 ὅτιτὸ
399 2131 454 2216 ἔαρ
477 2134 615 2216 σημαίνει.
661 2135 742 2199 Tres
764 2133 863 2215 igitur
886 2132 1050 2216 proverbii
1071 2132 1166 2196 inter·

56 2243 258 2328 pretationes
270 2243 402 2319 Photius
420 2244 562 2326 praebet,
579 2263 712 2327 quarum
727 2243 808 2306 duae
824 2242 949 2325 priores
969 2240 1166 2324 rejiciendae

59 2360 159 2421 suut:¹
183 2352 284 2416 altera
312 2353 412 2432 euim,
449 2352 620 2416 seeundum
651 2372 744 2434 quem
777 2351 935 2416 Chelidon
967 2359 1058 2413 vates
1087 2356 1165 2430 erat,

58 2462 148 2525 inani
171 2461 304 2544 alicujus
327 2441 524 2544 grammatici
549 2468 725 2527 commento
747 2468 819 2524 orta
842 2467 904 2542 est,
928 2460 969 2524 de
991 2480 1054 2542 quo
1074 2459 1166 2542 plura

60 2570 176 2634 rideas
199 2569 230 2632 in
252 2569 392 2635 Lobeek.
416 2570 574 2653 Aglaoph.
597 2569 622 2649 I,
645 2568 707 2629 304
729 2576 763 2635 et
784 2567 874 2649 1352,
895 2570 964 2634 ubi:
989 2567 1167 2650 „Chelidon

62 2677 116 2742 ille
139 2686 233 2743 vetus
254 2675 418 2760 dedioroa.
443 2726 449 2741 .
474 2729 481 2743 .
505 2729 511 2742 .
535 2693 667 2763 prorsus
688 2680 816 2760 ignotus
839 2686 943 2743 estet
974 2696 1087 2743 nomen
1106 2675 1166 2740 for·

64 2793 150 2881 tasse
182 2807 202 2850 a
235 2787 318 2851 falsa
350 2788 513 2871 proverbii
546 2787 811 2871 interpretatione
843 2788 975 2853 ortum.“
1007 2785 1047 2850 cf.
1071 2785 1165 2865 Voss,

67 2898 158 2979 epist
181 2894 393 2987 myth..3,14;
429 2896 544 2976 altera,
577 2918 659 2980 quae
688 2906 738 2962 est
769 2895 812 2958 ὅτι
843 2893 1026 2980 θρηνητικόν,
1058 2894 1168 2959 velut

69 3005 247 3088 Hesychius
274 3005 358 3069 etin
379 3007 463 3088 App.
487 3007 556 3087 prb.
580 3006 637 3088 IV,
665 3004 704 3066 63
727 3005 930 3086 ὀδυρτινὸνπθ
953 3008 1044 3088 ζῷον,
1079 3003 1167 3068 iutel-

10 3196 12 3203 .
71 3114 155 3187 leetu
187 3119 288 3178 earet.
347 3113 458 3178 Tertia
492 3113 629 3196 denique
662 3114 885 3197 interpretatio
913 3121 1002 3178 reeta
1029 3121 1091 3177 est:
1126 3109 1169 3173 ὅτι

75 3221 104 3283 τὸ
123 3220 176 3306 ἔαρ
196 3223 326 3306 σημαίνει
348 3224 406 3302 (se.
423 3223 442 3305 ἡ
460 3223 610 3305 χελιδών).
643 3223 725 3288 Nam
753 3223 932 3286 hirundinis
954 3222 1092 3286 adventu
1113 3219 1168 3283 ini·

77 3331 145 3394 tium
167 3332 253 3396 ueris
275 3331 464 3414 significari,
487 3331 636 3401 dooett
604 3333 700 3397 etiam
723 3352 853 3396 carmen
885 3332 1058 3415 populare,
1083 3329 1168 3410 quod

80 3439 261 3523 Bergkius
252 3463 286 3504 m
306 3447 390 3526 poet.
414 3442 472 3525 lyr.
495 3463 526 3524 p.
544 3439 670 3502 1291-
678 3439 758 3502 1322
780 3443 848 3506 sub.
871 3438 1164 3506 N.141n0tarit:-

415 3590 493 3675 ἦλθ’,
503 3589 607 3675 ἦλθε
616 3592 752 3675 χελιδών,

304 3702 307 3711 ’
416 3699 553 3767 ααλολς”
530 3722 610 3783 epac
632 3698 794 3782 ἄγουσα,

302 3838 305 3843 ·
416 3807 525 3876 καλοὺς
547 3808 775 3875 ἐνιαυτούςθλο

171 3984 310 4064 Quem
285 4006 312 4060 οι
326 3987 503 4069 interpret
501 4032 503 4037 .
486 3991 622 4049 renem
638 3944 814 4068 sequemur,
830 3984 1034 4064 inveniemus,
1056 3991 1169 4047 utram·

10 4077 15 4086 ¹
95 4107 141 4169 que
156 4094 343 4169 locutionem
360 4104 392 4160 et
413 4095 540 4180 χελιδὼν
556 4091 613 4176 ἇμοί
638 4116 708 4156 ποτε
730 4096 903 4179 pereffluerem
925 4100 958 4158 et
978 4093 1072 4154 πυθοῦ
1094 4093 1169 4175 χελι-

10 4264 15 4271 ,ι
96 4194 160 4269 λίνος
185 4206 318 4277 eandem
340 4224 411 4270 esse
434 4205 651 4287 metaphoram
674 4205 853 4286 vulgarem,
888 4203 928 4268 de
961 4204 1007 4266 eis
1041 4201 1167 4281 dietam,

10 4296 16 4405 ζ,
96 4308 182 4385 quiin
201 4317 296 4389 rebus
318 4315 420 4378 minus
442 4313 591 4390 secundis
617 4322 785 4379 versentur
807 4321 839 4378 et
860 4313 892 4375 in
915 4311 1075 4376 meliorem
1098 4329 1168 4373 eon·

10 4405 13 4491 s
97 4412 222 4489 ditionem
245 4423 415 4508 pervenire
437 4423 576 4505 eupiunt.

10 4512 11 4517 ἵ
174 4533 242 4599 etia
262 4533 384 4599 loeutie
406 4532 619 4616 proverbialis
642 4551 722 4596 voce
748 4531 874 4616 χελιδών
897 4531 1031 4596 formata
1051 4526 1168 4610 legitur
