2782 5032
777 331 816 392 14

245 554 309 617 qna
332 534 371 598 de
392 532 555 598 locutione
573 531 658 596 infra
679 532 842 612 disseram,
866 533 952 597 etin
974 532 1052 618 plut.
1076 530 1151 594 258:

396 643 481 727 βάλλ’
504 642 534 710 ἐς
555 639 696 726 κόρακας·
718 643 759 709 ὡς
780 639 910 726 χαλεπόν
933 640 1001 704 εἰσιν
1024 641 1051 702 οἱ
1072 641 1150 726 pilton

396 751 422 812 οἱ
444 749 609 834 φαινόμενοι
626 753 815 835 παραχρῆμα,
840 749 881 811 ὅτ’
905 747 939 811 ἂν
962 751 1076 834 πράττῃ
1099 773 1138 818 τις
1161 745 1203 812 εὖ.

247 859 374 926 Similes
397 861 573 925 sententiae
595 867 767 924 occurrunt
788 881 839 944 ap.
863 860 1008 942 Theogn.
1033 857 1182 939 643-4,
1205 855 1351 936 ὅθί-’8,

246 966 401 1032 857-61.
445 969 565 1034 Eadem
588 969 749 1035 sententia
776 976 808 1033 et
830 968 915 1052 apud
937 968 1098 1033 Romanos
1121 969 1153 1032 in
1175 966 1352 1052 proverbio

247 1084 330 1142 erat:
354 1079 464 1142 Donec
488 1079 551 1142 eris
573 1077 659 1158 felix,
682 1077 797 1141 multos
818 1079 999 1142 numerabis
1022 1079 1150 1142 amicos.
1189 1077 1354 1159 Tempora

248 1187 275 1249 si
297 1185 415 1251 fuerint
436 1188 553 1268 nubila,
577 1187 664 1251 solus
687 1188 759 1250 eris.

349 1297 504 1360 Homines
528 1297 654 1360 omnino
677 1316 748 1360 esse
770 1296 870 1360 malos
886 1315 1019 1378 eamque
1042 1297 1083 1358 ob
1107 1314 1233 1358 causam
1256 1295 1354 1358 nobis

248 1407 424 1471 carendum
447 1424 526 1485 esse,
549 1425 590 1468 ne
611 1404 734 1466 malitia
755 1404 913 1467 hominum
936 1405 1080 1467 damnum
1105 1406 1278 1489 capiamus,
1302 1402 1355 1466 ad-

247 1526 355 1581 monet
380 1515 598 1598 proverbium,
632 1512 717 1596 quod
750 1521 799 1576 est
830 1512 893 1573 ὑπὸ
926 1513 1029 1574 παντὶ
1064 1513 1152 1596 λίθῳ
1181 1511 1353 1594 σκορπίος

247 1623 432 1688 καθεύδει.
477 1623 513 1686 In
535 1623 662 1687 Thesm.
684 1620 838 1684 520-28
861 1623 1009 1687 mulieres
1032 1622 1228 1687 iracundiam
1252 1622 1353 1706 repri-

248 1754 334 1798 mere
349 1753 412 1797 non
429 1739 569 1816 possunt,
592 1731 677 1814 quod
695 1731 921 1812 Mnesilochus,
944 1739 1035 1796 veste
1051 1731 1196 1795 muliebri
1212 1731 1352 1811 indutus,

248 1842 413 1926 Euripidis
436 1861 564 1905 causam
586 1840 729 1905 defendit
755 1848 851 1922 atque
878 1840 1061 1904 mulieribus
1089 1840 1267 1923 maledicit;
1302 1839 1352 1903 cui

248 1951 463 2033 indignationi
485 1957 647 2034 postremo
671 1951 751 2013 haec
772 1952 871 2013 verba
894 1949 1028 2031 addunt;

549 2059 600 2140 τὴν
623 2058 775 2141 παροιμίαν
798 2059 823 2120 δ’
848 2058 954 2121 ἐπαινῶ

549 2167 600 2248 τὴν
623 2168 764 2238 παλαιάν·
787 2167 843 2230 ὑπὸ
867 2168 941 2251 lup
963 2165 1019 2250 γὰρ

548 2275 634 2338 παντί
652 2298 708 2337 που
729 2277 787 2359 χρή

553 2383 593 2467 μή
616 2386 694 2469 δάκῃ
715 2385 813 2469 ῥήτωρ
836 2385 942 2468 ἀθρεῖν.

349 2493 596 2576 Aristophanem
617 2496 731 2560 iterum
753 2497 900 2578 tetigisse
920 2502 1040 2559 tantum
1066 2493 1285 2579 proverbium,
1320 2500 1350 2558 et

250 2621 331 2666 voce
352 2600 426 2684 λίθῳ
448 2604 562 2686 pnycis
584 2612 767 2686 suggestum
788 2605 1028 2687 intelligendum
1051 2623 1131 2685 esse,
1153 2610 1243 2668 recte
1260 2623 1350 2666 anno·

251 2711 334 2776 tavit
364 2713 550 2794 BurgesiuS,
588 2733 679 2796 quem
700 2714 896 2777 Fritzschius
930 2722 961 2778 ct
983 2713 1128 2794 Engerus
1165 2720 1347 2795 sequuntur.

251 2818 367 2885 Natum
391 2826 440 2884 est
465 2822 669 2905 proverbium
700 2841 739 2886 ox
765 2822 866 2885 scolio
888 2823 1064 2904 Praxillae,
1097 2829 1132 2886 ut
1163 2822 1349 2886 scholiastes

252 2929 362 2994 refert:
397 2929 429 2991 ἐκ
460 2934 517 2992 τῶν
543 2930 583 2996 εἰς
612 2928 774 3014 Πράξιλλαν
801 2929 1026 3014 ἀναφερομένων
1056 2930 1136 3012 ‚pind
1167 2931 1251 2992 παντὶ
1278 2930 1352 3013 λιθιρ

252 3039 385 3121 σκορπίον
408 3039 433 3100 ὦ
456 3040 544 3121 ’ccipe
566 3038 747 3123 perdocent
792 3039 840 3103 Of.
863 3041 977 3104 Athen.
992 3041 1065 3121 XV,
1081 3062 1112 3123 p.
1129 3037 1190 3104 695
1212 3041 1250 3103 D.
1274 3039 1356 3119 Zeu,

252 3147 540 3213 Fauen-Schriften
562 3148 587 3212 Ι.
610 3169 642 3230 p.
666 3146 715 3210 76.
759 3147 860 3212 Recte
882 3148 1129 3213 Rohdewaldius
1151 3149 1172 3212 l.
1197 3169 1224 3213 c.
1249 3149 1360 3213 admo-

253 3256 329 3337 nuit,
352 3258 565 3341 proverbium,
589 3275 658 3319 curn
675 3255 790 3319 multus
805 3256 874 3339 ejus
889 3276 964 3320 usus
984 3256 1103 3339 fuisset,
1126 3260 1158 3321 in
1173 3258 1366 3323 breviorem

255 3362 386 3428 formam
421 3385 491 3430 esse
525 3370 731 3430 contractum.
792 3363 892 3441 Quam
929 3367 970 3429 ob
1003 3386 1068 3430 rem
1101 3368 1235 3451 legimus
1268 3363 1369 3452 apud

254 3474 459 3538 scholiastam
481 3473 643 3557 Aristoph.
668 3474 761 3535 πάντα
784 3473 864 3536 λίθον
887 3473 967 3556 κίνει,
990 3476 1044 3558 qui
1068 3485 1172 3542 tamen
1195 3476 1280 3560 quod
1303 3475 1373 3540 ad‘

137 3628 145 3647 .
255 3582 303 3646 dit
323 3584 424 3648 verba
445 3581 491 3643 καὶ
511 3581 595 3664 ἑτέρα
620 3580 678 3663 (sc.
694 3581 843 3665 παροιμία)
869 3591 978 3647 censet
998 3584 1059 3648 hoc
1083 3604 1154 3649 esse
1177 3585 1263 3648 aliud
1285 3605 1375 3669 pro⁶

254 3692 406 3755 verbium.
453 3689 545 3755 Uudc
565 3691 768 3774 proverbium
792 3691 945 3772 originem
968 3693 1106 3773 duxerit,
1140 3695 1235 3777 plane
1257 3693 1376 3779 expli⁶

257 3810 360 3866 catum
379 3800 464 3886 apud
487 3799 608 3863 llrasm.
625 3820 655 3882 p.
674 3797 733 3858 lli)
748 3798 894 3879 legimus:
919 3807 1065 3881 „constat
1079 3811 1191 3884 autem,
1208 3804 1374 3887 scorpios

256 3910 360 3975 solcrc
383 3912 441 3973 sub
465 3909 551 3973 suxis
576 3908 733 3988 cubituru3
756 3926 837 3988 quac
860 3908 885 3970 si
914 3909 984 3991 quis
1011 3911 1104 3974 tollat
1125 3912 1298 3994 incautius,
1319 3911 1375 3976 fit

254 4027 289 4083 ut
324 4019 407 4083 ictus
446 4018 557 4081 vulnus
595 4014 764 4098 accipiat.“
825 4014 907 4090 Quid
943 4017 1102 4099 significet
1140 4022 1369 4104 proverbium,

256 4128 477 4211 explicuerunt
506 4125 623 4190 zunul),
647 4123 703 4204 Vl,
725 4120 766 4182 20
793 4120 837 4182 ἐπὶ
864 4127 921 4184 τῶν
948 4127 1103 4208 κακοήθων
1131 4129 1178 4190 καὶ
1207 4128 1369 4212 ἐριστικῶν

257 4244 290 4301 ct
311 4237 404 4319 Diog.
428 4236 518 4317 Vlll,
540 4233 581 4293 ott
604 4240 636 4295 ct
659 4231 741 4295 Muc.
761 4229 849 4307 Vlll‚
871 4231 911 4291 illl
934 4231 979 4294 ἐπὶ
1000 4236 1187 4321 uoluntatis
1207 4242 1264 4300 τῶν
1288 4259 1365 4301 παν·

255 4348 347 4432 ταχοῦ
369 4342 461 4408 ὄντων
484 4345 617 4425 πονηρῶν
641 4338 812 4421 ἀνθρώπων.
857 4338 1032 4405 l’rovcrbio
1060 4345 1153 4406 πάντα
1181 4347 1262 4409 λιθον
1289 4348 1364 4411 nivet

255 4478 321 4520 nou
347 4475 480 4541 prorsus
508 4450 654 4531 cundem,
689 4446 744 4511 uod
772 4454 939 4528 cognatam
967 4458 1085 4516 tautum
1108 4455 1171 4518 vim
1194 4477 1266 4522 esse
1288 4458 1360 4523 sub·
