2782 5032
662 412 682 474 2

123 613 186 677 biis
209 613 372 696 disseruit3
407 614 460 696 qui
493 615 601 697 quanti
633 615 877 697 proverbiorum
903 613 967 677 vim
995 613 1222 697 aestimaverit,

125 723 171 786 sic
194 743 244 806 ap.
270 721 449 805 Synesinm,
477 723 617 806 Cyrenes
654 725 686 786 in
708 723 820 787 Africa
853 725 1051 808 episcopum,
1086 724 1224 808 ἐγκωμίῳ

124 832 286 914 ραλοίνιρας,
310 832 451 896 Turnebi
473 833 521 897 ed.
544 855 574 916 p.
598 829 640 892 59
663 833 815 916 scriptum
838 832 987 915 legimus:
1017 835 1142 900 παλαιᾶς
1165 833 1225 895 ἐστι

125 941 183 1022 (sc.
206 941 225 1022 ἡ
248 941 397 1023 παροιμία)
423 940 595 1025 φιλοσοφίας
618 941 649 1003 ἐν
671 944 732 1008 ταῖς
755 941 899 1024 μεγίσταις
921 941 1085 1025 ἀνθρώπων
1101 943 1225 1025 φθοραῖς

123 1047 307 1132 ἀπολομένης
350 1047 614 1133 ἐγναταλείμματα,
660 1048 860 1131 περισωθέντα
901 1049 948 1112 διὰ
991 1051 1140 1133 συντομίαν
1177 1049 1226 1112 καὶ

123 1156 284 1241 δεξιότητα.

222 1269 305 1332 Tum
327 1268 367 1332 de
388 1268 570 1351 proverbiis
587 1267 831 1350 disputaverunt
845 1268 1093 1350 Theophrastus,
1118 1268 1225 1332 Clear-

124 1377 201 1440 chus
225 1375 375 1458 Solensis,
398 1376 605 1461 Chrysippus,
628 1377 879 1460 Dionysodorus,
902 1378 1016 1458 Demo,
1049 1387 1224 1458 sequnntur

122 1486 184 1549 viri
209 1486 295 1550 docti
323 1487 377 1568 qui
405 1487 600 1568 temporibus
624 1486 878 1551 Ptolemaeorum
901 1486 1117 1550 Alexandriae
1138 1487 1225 1550 vixe-

122 1602 209 1659 runt:
238 1597 471 1680 Aristophanes
493 1596 580 1676 Byn,
614 1596 667 1678 qui
702 1595 781 1659 duos
803 1595 903 1658 libros
926 1598 983 1655 τῶν
1006 1593 1157 1676 ἐμμέτρων
1192 1603 1225 1660 et

124 1711 274 1787 quattuor
307 1708 364 1766 τῶν
398 1703 529 1786 ἀμέτρων
562 1708 719 1787 παροιμιῶν
754 1704 898 1788 scripsit,
933 1703 1048 1767 deinde
1080 1703 1224 1769 Lucillus

124 1814 313 1894 Tarrhaeus,
336 1813 499 1894 Didymus,
523 1813 724 1896 Theaetetus,
747 1814 935 1894 Aeschylus,
952 1812 1069 1895 Mylon,
1085 1815 1225 1877 Aristar·

124 1923 201 1986 chus
223 1922 351 2004 aliique,
375 1943 454 2006 quos
476 1944 662 1988 enumerare
684 1944 802 2005 omnes,
826 1944 895 1987 curn
912 1943 958 2003 ca,
980 1943 1061 2004 quae
1083 1923 1147 2005 ipsi
1163 1924 1225 1986 dis·

123 2039 301 2114 sciuerunt,
335 2033 455 2096 tradita
476 2033 568 2096 nobis
591 2052 654 2096 non
677 2034 753 2114 sint,
785 2033 913 2115 longum
937 2041 998 2114 est;
1034 2032 1074 2096 de
1107 2033 1224 2114 quibus

105 2120 180 2224 'qni
213 2142 306 2224 plura
337 2162 532 2224 cognoscere
562 2142 654 2223 velit,
688 2142 844 2221 conferat,
876 2162 957 2223 quae
979 2142 1167 2206 Leutsohius
1192 2149 1225 2207 et

123 2246 382 2315 Schneidewinus
403 2251 436 2313 in
453 2271 589 2336 corpore
603 2252 962 2336 paroemiographorum
983 2250 1120 2333 praefati
1138 2259 1221 2317 sunt.
1245 2281 1247 2285 ³

223 2361 352 2424 Illorum
376 2381 415 2424 ex
436 2360 565 2444 scriptis
599 2360 773 2444 scriptores
804 2361 1016 2442 posteriorum
1044 2367 1222 2443 temporum

122 2469 307 2550 hauserunt,
344 2491 476 2553 quorum
504 2471 537 2532 in
560 2489 689 2533 numero
712 2470 872 2545 Zenobius
896 2479 956 2551 est,
991 2469 1079 2549 cujus
1105 2470 1222 2534 librum

121 2578 272 2642 traditum
295 2580 454 2643 habemus.
498 2579 531 2642 ls
554 2579 613 2643 fuit
635 2579 778 2661 aequalis
804 2579 961 2642 Hadriani
981 2580 1118 2660 Augusti
1139 2587 1222 2644 teste

123 2686 235 2768 Suida3
268 2688 350 2752 liber
382 2688 450 2771 ejus
483 2694 532 2752 est
563 2689 738 2771 inscriptus
771 2687 890 2770 ἐπιτομὴ
925 2693 1081 2771 παροιμιῶν
1109 2688 1142 2751 ἐκ
1164 2693 1221 2751 τῶν

123 2791 266 2880 Ταῤῥαίοο
290 2797 336 2859 καὶ
359 2797 486 2876 Διδύμοο
509 2798 678 2859 συντεθεῖσα
699 2794 772 2858 κατὰ
794 2800 943 2881 στοιχεῖον.

222 2906 354 2989 Excipit
376 2907 458 2969 huno
481 2906 700 2989 Diogenianus
721 2906 941 2986 Heracleotes,
965 2908 1055 2990 cnjus
1077 2909 1159 2971 liber
1182 2907 1220 2971 de

122 3017 303 3099 proverbiis
326 3012 573 3098 scriptus'item
606 3017 639 3078 in
665 3017 809 3080 manibus
831 3017 949 3080 nostris
971 3027 1127 3081 versatur.
1171 3018 1220 3079 Ab

120 3126 231 3207 ignoto
254 3133 385 3189 auctore
420 3127 539 3190 collata
561 3133 634 3189 sunt
656 3127 843 3208 proverbia,
879 3145 959 3208 quac
986 3126 1018 3188 in
1042 3126 1220 3209 appendice

121 3233 282 3299 Vaticana
303 3235 447 3317 quadam,
471 3235 510 3299 de
533 3255 595 3317 qua
619 3234 658 3298 cf.
674 3234 823 3298 Andreae
839 3232 964 3298 Sohotti
979 3234 1079 3318 prael.
1102 3236 1135 3297 in
1151 3255 1219 3318 par-

122 3363 200 3408 oem.
224 3364 330 3426 graec.
354 3343 403 3408 ed.
427 3364 454 3407 a.
479 3343 640 3408 Gaisford.
665 3366 695 3428 p.
718 3344 809 3424 XlX,
843 3351 875 3407 et
898 3344 930 3405 in
953 3344 1119 3407 codicibus
1141 3344 1219 3407 Bod-

121 3453 227 3538 lejano
251 3464 283 3517 et
298 3453 494 3517 Coisliniano
519 3455 727 3519 continentur.
765 3456 838 3518 Jam
861 3453 959 3516 aetati
983 3473 1064 3534 quae
1085 3454 1217 3517 medinm

122 3582 234 3627 aevum
268 3562 386 3625 dicitur
418 3562 620 3627 adtribuendi
654 3570 727 3626 sunt
749 3563 925 3645 Gregorius
948 3562 1084 3645 Cyprius
1112 3569 1144 3627 et
1166 3563 1220 3626 Mi·

123 3672 214 3736 chael
236 3671 434 3755 Apostolius,
458 3693 588 3754 quornm
612 3672 810 3737 collectanea
831 3673 923 3735 nobis
945 3680 1074 3755 praesto
1098 3679 1178 3736 sunt.

223 3781 300 3845 Cum
322 3783 354 3845 hi
376 3802 483 3844 omnes
517 3802 555 3846 ea
587 3782 712 3846 ratione
745 3783 983 3862 disseruissent,
1017 3789 1052 3844 ut
1078 3783 1159 3846 alter
1182 3801 1220 3846 ex

63 3920 64 3924 ¹
122 3891 251 3974 scriptis
274 3891 405 3954 alterius
420 3891 569 3954 hauriens
593 3892 765 3974 proverbia
782 3892 908 3973 singula
923 3891 1034 3955 ordine
1056 3891 1219 3956 literarum

121 3999 279 4084 disposita
291 4001 476 4085 explicaret,
493 4000 679 4064 Desiderius
694 4001 844 4064 Erasmus
855 4000 1087 4065 Roterodamus
1100 4003 1219 4084 primus

122 4129 190 4173 eam
212 4110 245 4172 in
262 4111 443 4193 proverbiis
466 4111 642 4173 tractandis
665 4110 748 4173 viam
772 4118 820 4174 est
842 4111 1013 4192 ingressus,
1037 4117 1071 4173 nt
1092 4131 1220 4194 prover-

120 4219 186 4301 bia,
224 4240 304 4302 quae
327 4219 469 4301 ejusdcm
492 4220 618 4301 generis
653 4227 759 4284 essent
792 4220 987 4302 eandemque
1020 4219 1221 4283 continerent

121 4331 318 4408 sententiam,
342 4330 374 4391 in
395 4350 489 4392 uuum
512 4328 679 4411 colligeret
695 4327 895 4410 collectaque
917 4328 1102 4413 explicaret.
1136 4330 1220 4393 Alte-

120 4460 188 4502 rum
211 4460 273 4522 quo
295 4459 374 4522 opus
398 4437 465 4520 ejus
489 4438 646 4502 aectoris
670 4438 776 4501 differt
798 4437 909 4518 estid,
933 4437 1017 4520 quod
1032 4458 1094 4502 non
1118 4439 1219 4502 solum

117 4556 259 4612 veterum
292 4549 650 4632 paroemiographorum
683 4547 805 4631 scripta
841 4547 997 4629 adhibuit,
1035 4547 1092 4612 sed
1124 4548 1220 4612 etiam
