2782 5032
682 322 723 384 44

602 411 800 418 ..---

152 524 316 606 irrideret,
350 530 385 588 ut
412 524 601 589 scholiastes
633 524 746 589 refert:
780 524 805 585 oi
836 521 892 606 γὰρ
915 517 1069 607 Κυζικηνοὶ
1091 520 1138 584 ἐπὶ
1159 521 1245 606 δειλίη

152 631 199 694 καὶ
220 632 361 716 θηλύτητι
383 631 604 716 ἐκωμῳδνῦντο.

253 740 352 819 Quem
375 742 416 806 ad
446 751 601 806 terrarum
634 744 739 808 locum
772 738 1017 824 1ο1Σαρδιουιὸν
1050 739 1245 805 referendum

152 851 208 930 sit,
238 851 365 914 variant
386 860 526 916 veterum
547 853 754 937 interpretum
777 851 968 916 sententiae:
997 849 1191 915 scholiastes
1210 849 1246 914 ad

138 960 233 1048 Ach.
253 959 312 1020 112
335 970 367 1023 et
388 963 500 1044 Apost.
523 960 580 1039 IV,
598 959 637 1021 73
660 969 693 1024 et
715 960 829 1025 Suidas
852 979 1019 1042 perperam
1043 959 1083 1023 de
1105 958 1247 1047 Sardinia

152 1069 256 1132 insula
278 1069 514 1150 cogitaverunt;
548 1077 636 1133 recte
669 1077 773 1133 auten.
797 1069 896 1133 schol.
920 1068 961 1131 ad
980 1078 1052 1151 pac.
1082 1066 1161 1128 1174
1184 1066 1247 1133 Sar·

151 1178 201 1241 dis
217 1177 376 1261 Lydorum
397 1178 622 1259 intelligendas
644 1197 716 1242 esse
738 1177 837 1242 refert
858 1178 907 1242 his
930 1178 1052 1243 verbis:
1075 1173 1246 1261 Σαρδιακόντ
1283 1218 1286 1226 -

150 1285 319 1372 διαφέρουσι
339 1284 394 1369 γὰρ
416 1288 444 1349 αἱ
466 1286 583 1349 liudrici
604 1287 702 1371 βαφαί,
1082 1275 1095 1302 ”

250 1395 375 1459 Addam
408 1397 480 1459 huic
515 1397 751 1460 dissertationis
778 1396 863 1480 parti
892 1395 1084 1474 locutiones,
1119 1414 1201 1479 quac
1231 1415 1248 1458 a

150 1511 289 1569 natura
311 1505 484 1568 locorum
507 1513 598 1573 ortae
621 1514 702 1569 sunt.

250 1613 287 1690 Q.
311 1614 439 1678 Curtius
462 1613 564 1678 Rufus
587 1614 627 1678 de
648 1615 711 1678 reb.
737 1621 816 1696 gest.
840 1613 931 1679 Alex.
955 1613 997 1677 Μ.
1023 1613 1051 1695 7,
1072 1611 1101 1695 8,
1123 1611 1166 1675 23
1186 1633 1246 1676 nar·

150 1727 209 1803 rat,
233 1721 420 1805 Scytharum
436 1722 625 1787 solitudines
641 1744 660 1786 a
676 1723 811 1788 Graecis
832 1724 926 1788 etiam
941 1721 1123 1806 proverbiis
1147 1722 1246 1786 clusas

151 1850 233 1895 esse.
270 1831 487 1912 Proverbium,
511 1831 595 1915 quod
612 1832 740 1896 Curtius
763 1832 850 1911 dixit,
874 1839 923 1896 est
945 1829 1088 1894 Σκυθῶν
1112 1830 1244 1915 ἐρημία,

151 1941 192 2003 ab
208 1941 424 2023 Aristophane
446 1941 477 2004 in
501 1940 659 2005 4111704
681 1947 967 2006 commemoratum.
1012 1940 1138 2017 Quodsi
1151 1939 1243 2004 schol.

151 2048 192 2112 ad
214 2049 243 2112 h.
266 2048 287 2111 1.
311 2049 352 2113 ad
369 2051 572 2131 proverbium
595 2050 817 2134 explicandum
841 2057 956 2128 narrat,
980 2059 1113 2134 propter
1128 2050 1244 2115 bestias

150 2156 248 2221 luisse
270 2157 456 2222 horribilem
480 2158 669 2239 Scytharum
692 2158 903 2238 solitudinem,
925 2160 1004 2222 haee
1027 2158 1244 2243 interpretatio

148 2285 211 2328 non
235 2274 325 2330 recta
347 2267 493 2332 habenda
515 2275 571 2346 est,
595 2267 743 2350 quoniam
765 2267 955 2351 Scytharum
977 2268 1166 2333 solitudines
1187 2287 1244 2330 nou

149 2395 218 2439 eam
241 2377 283 2439 ob
306 2395 435 2439 causam
457 2376 620 2459 proverbii
650 2376 754 2440 locum
783 2377 981 2458 obtinebant,
1015 2377 1100 2459 quod
1134 2377 1245 2441 multae

148 2482 272 2548 bestiae
287 2483 320 2546 in
337 2485 384 2549 eis
400 2486 498 2566 erant,
516 2486 571 2548 sed
588 2487 629 2548 ob
644 2484 685 2565 id,
709 2485 794 2567 quod
809 2492 920 2549 vastae
938 2494 971 2550 et
985 2485 1131 2551 desertae
1149 2493 1246 2566 erant,

147 2598 183 2654 ut
205 2593 367 2656 Macarius
390 2594 464 2674 Vll,
487 2592 527 2655 66
549 2600 638 2658 recte
661 2600 806 2658 annotat:
831 2593 956 2655 ἐπὶτῶν
979 2592 1097 2677 ἐρήμων
1118 2594 1164 2656 καὶ
1185 2593 1247 2676 ἐξη-

148 2699 318 2784 ηριωμένων
341 2699 448 2766 τόπων.
493 2703 586 2766 Hanc
603 2702 899 2785 interpretationem
922 2704 1131 2788 comprobant
1150 2704 1252 2767 verba

22 2864 24 2868 ,
148 2810 181 2873 in
205 2829 254 2874 ay.
280 2808 361 2871 1484
383 2811 402 2892 ἡ
426 2808 541 2895 λύχνων
568 2810 681 2894 ἐρημία,
716 2811 914 2875 lucernarum
948 2812 1103 2895 solitudo;
1134 2813 1252 2895 quibua

148 2920 256 2983 verbis
278 2927 375 3003 poeta
396 2920 483 2983 illam
506 2920 701 2984 locutionem
724 2921 848 3007 attigit3
882 2921 1044 3003 significat
1070 2922 1164 2986 enim.
1178 2941 1254 2986 carn

149 3029 237 3092 urbis
252 3030 447 3093 Athenarum
471 3031 641 3111 regionem,
665 3030 696 3092 in
719 3050 782 3112 qua
803 3050 893 3094 nemo
916 3030 949 3092 in
972 3031 1132 3113 publicum
1153 3036 1254 3115 nocte

147 3137 308 3222 prodiret3
333 3145 531 3222 quapropter
553 3159 591 3202 ea
614 3138 703 3220 regio
726 3140 930 3203 tenebricosa
945 3149 1022 3218 erat,
1043 3149 1117 3203 nam
1131 3148 1253 3222 tempo-

149 3247 237 3309 ribus
259 3254 376 3329 poeta'e
392 3248 499 3324 'nostri
521 3247 653 3328 lumina,
687 3268 768 3329 quae
790 3256 945 3311 nocturno
968 3233 1112 3332 tempore
1133 3250 1165 3312 iu
1186 3248 1254 3311 riis

149 3356 302 3437 lucerent,
326 3355 460 3420 Graecis
488 3357 599 3439 ignote
622 3366 729 3439 erant;
759 3358 812 3439 qui
835 3366 929 3422 nocte
943 3357 975 3420 iu
990 3357 1074 3420 viam
1088 3355 1251 3441 prodibat,

149 3466 180 3530 ei
203 3466 290 3531 laces
313 3487 332 3528 a
354 3465 456 3529 servis
481 3466 751 3549 praeferebantur.
787 3467 861 3530 Vim
883 3467 1071 3530 translatam
1093 3465 1187 3549 hujus
1204 3466 1251 3529 lo·

150 3575 287 3639 cutionis
309 3581 451 3638 notatam
472 3575 606 3657 legimus
629 3576 660 3637 in
679 3578 762 3659 App.
787 3574 871 3655 7,43;
895 3573 941 3637 ἐπὶ
962 3579 1019 3637 τῶν
1041 3572 1248 3659 ἐρημουμένοιν

149 3683 312 3745 badanero
346 3683 392 3746 καὶ
425 3682 461 3745 τὰ
494 3682 658 3766 ἐρημότερα
691 3705 761 3756 φασι
787 3688 838 3766 τῆς
861 3681 986 3751 Σκυθίας
1019 3681 1137 3766 ἐρημίας
1168 3680 1246 3745 εἶναι.

149 3791 186 3855 In
209 3812 264 3856 eos
286 3793 383 3874 igitur
406 3792 572 3857 dicebatur
593 3793 730 3872 locutio,
765 3793 819 3874 qui
845 3793 876 3855 iu
899 3792 1052 3875 perieulis
1074 3793 1115 3857 ab
1135 3791 1244 3856 amico

149 3922 219 3964 rum
242 3901 384 3966 subsidio
407 3920 539 3985 prorsus
563 3921 597 3966 se
620 3901 791 3965 destitutos
815 3921 886 3965 esse
908 3901 1071 3965 sentirent.
1155 3912 1158 3917 ’

251 4011 299 4075 De
326 4011 503 4095 Trophonii
534 4010 664 4074 oraculo
698 4011 759 4072 hoo
792 4010 996 4093 proverbium
1031 4018 1186 4094 sumptum
1213 4008 1242 4072 iu

148 4139 206 4183 usu
229 4128 314 4184 crat:
338 4118 372 4185 ἐς
395 4115 605 4202 Τροφωνίου
629 4120 880 4200 μεμάντευται.
917 4120 954 4183 Iu
978 4119 1049 4182 nub.
1067 4117 1129 4181 508
1144 4118 1241 4201 Strop·

150 4230 257 4293 siades
272 4230 447 4292 intraturus
470 4229 594 4292 domum
611 4228 753 4292 Socratis
771 4228 910 4311 loquitur
925 4226 1031 4291 δέδοικ’
1047 4227 1105 4309 ἐγὼ
1118 4224 1186 4289 aloe
1200 4246 1242 4288 κα·
1265 4235 1269 4242 ’

149 4338 291 4422 ταβαίνειν
304 4338 404 4419 ὥσπερ
417 4337 442 4399 εί
455 4336 492 4403 ἐις
502 4334 681 4423 Τροφωνίου.
698 4338 876 4421 Trophonii
886 4338 968 4401 enim
978 4322 1140 4402 oraculum
1147 4352 1240 4420 prope

150 4447 330 4514 Lebadeam
356 4448 389 4511 in
403 4448 536 4511 Boeotia
566 4427 659 4510 situm
684 4454 750 4511 tam
773 4446 929 4511 horribile
957 4445 1146 4528 foedumque
1171 4457 1241 4525 erar,
1287 4534 1290 4541 Ι
