<?xml version="1.0" encoding="UTF-8"?>
<!DOCTYPE html PUBLIC "-//W3C//DTD XHTML 1.0 Transitional//EN"
    "http://www.w3.org/TR/xhtml1/DTD/xhtml1-transitional.dtd">
<html xmlns="http://www.w3.org/1999/xhtml" xml:lang="en" lang="en">
 <head>
  <title>
</title>
<meta http-equiv="Content-Type" content="text/html;charset=utf-8" />
  <meta name='ocr-system' content='tesseract 3.04.00' />
  <meta name='ocr-capabilities' content='ocr_page ocr_carea ocr_par ocr_line ocrx_word'/>
</head>
<body>
  <div class='ocr_page' id='page_1' title='image "./deproverbiisali00baucgoog_0075.png"; bbox 0 0 2866 5176; ppageno 0'>
   <div class='ocr_carea' id='block_1_1' title="bbox 254 285 1358 899">
    <p class='ocr_par' dir='ltr' id='par_1_1' title="bbox 254 285 1358 899">
     <span class='ocr_line' id='line_1_1' title="bbox 786 285 889 348; baseline 0.01 -1"><span class='ocrx_word' id='word_1_1' title='bbox 786 285 825 348; x_wconf 83' lang='grc'>66</span> <span class='ocrx_word' id='word_1_2' title='bbox 886 289 889 295; x_wconf 85' lang='grc'><strong>’</strong></span> 
     </span>
     <span class='ocr_line' id='line_1_2' title="bbox 254 487 1356 573; baseline 0.003 -21"><span class='ocrx_word' id='word_1_3' title='bbox 254 487 359 553; x_wconf 88' lang='lat' dir='ltr'>locum</span> <span class='ocrx_word' id='word_1_4' title='bbox 381 488 566 569; x_wconf 83' lang='lat' dir='ltr'>obtinuisse,</span> <span class='ocrx_word' id='word_1_5' title='bbox 589 487 778 553; x_wconf 79' lang='lat' dir='ltr'>testimoniis</span> <span class='ocrx_word' id='word_1_6' title='bbox 801 495 942 554; x_wconf 88' lang='lat' dir='ltr'>veterum</span> <span class='ocrx_word' id='word_1_7' title='bbox 965 489 1115 553; x_wconf 85' lang='lat' dir='ltr'>affirmari</span> <span class='ocrx_word' id='word_1_8' title='bbox 1132 496 1247 572; x_wconf 78' lang='lat' dir='ltr'>potest,</span> <span class='ocrx_word' id='word_1_9' title='bbox 1271 510 1356 573; x_wconf 90' lang='lat' dir='ltr'>quae</span> 
     </span>
     <span class='ocr_line' id='line_1_3' title="bbox 256 595 1356 680; baseline 0.005 -21"><span class='ocrx_word' id='word_1_10' title='bbox 256 597 289 660; x_wconf 92' lang='lat' dir='ltr'>in</span> <span class='ocrx_word' id='word_1_11' title='bbox 310 617 380 680; x_wconf 89' lang='lat' dir='ltr'>equ.</span> <span class='ocrx_word' id='word_1_12' title='bbox 406 595 463 660; x_wconf 83' lang='lat'>781</span> <span class='ocrx_word' id='word_1_13' title='bbox 488 597 641 678; x_wconf 85' lang='lat' dir='ltr'>occurrit,</span> <span class='ocrx_word' id='word_1_14' title='bbox 678 597 733 661; x_wconf 89' lang='lat' dir='ltr'>ubi</span> <span class='ocrx_word' id='word_1_15' title='bbox 754 607 913 680; x_wconf 81' lang='lat' dir='ltr'>narratur,</span> <span class='ocrx_word' id='word_1_16' title='bbox 936 597 1086 662; x_wconf 80' lang='lat' dir='ltr'>Cleonem</span> <span class='ocrx_word' id='word_1_17' title='bbox 1110 619 1172 662; x_wconf 92' lang='lat' dir='ltr'>nou</span> <span class='ocrx_word' id='word_1_18' title='bbox 1194 599 1289 663; x_wconf 91' lang='lat' dir='ltr'>aliam</span> <span class='ocrx_word' id='word_1_19' title='bbox 1311 601 1356 664; x_wconf 90' lang='lat' dir='ltr'>ob</span> 
     </span>
     <span class='ocr_line' id='line_1_4' title="bbox 256 706 1358 790; baseline 0.002 -20"><span class='ocrx_word' id='word_1_20' title='bbox 256 726 384 770; x_wconf 90' lang='lat' dir='ltr'>causam</span> <span class='ocrx_word' id='word_1_21' title='bbox 406 706 525 790; x_wconf 89' lang='lat' dir='ltr'>populo</span> <span class='ocrx_word' id='word_1_22' title='bbox 548 707 692 770; x_wconf 88' lang='lat' dir='ltr'>blandire</span> <span class='ocrx_word' id='word_1_23' title='bbox 716 712 747 770; x_wconf 88' lang='lat' dir='ltr'>et</span> <span class='ocrx_word' id='word_1_24' title='bbox 769 707 891 771; x_wconf 88' lang='lat' dir='ltr'>servire</span> <span class='ocrx_word' id='word_1_25' title='bbox 913 706 975 770; x_wconf 92' lang='lat' dir='ltr'>nisi</span> <span class='ocrx_word' id='word_1_26' title='bbox 997 716 1032 771; x_wconf 91' lang='lat' dir='ltr'>ut</span> <span class='ocrx_word' id='word_1_27' title='bbox 1052 708 1196 789; x_wconf 87' lang='lat' dir='ltr'>quaestui</span> <span class='ocrx_word' id='word_1_28' title='bbox 1208 729 1277 773; x_wconf 90' lang='lat' dir='ltr'>eum</span> <span class='ocrx_word' id='word_1_29' title='bbox 1301 709 1358 772; x_wconf 90' lang='lat' dir='ltr'>ha·</span> 
     </span>
     <span class='ocr_line' id='line_1_5' title="bbox 255 815 1086 899; baseline -0.001 -19"><span class='ocrx_word' id='word_1_30' title='bbox 255 816 343 898; x_wconf 89' lang='lat' dir='ltr'>beat;</span> <span class='ocrx_word' id='word_1_31' title='bbox 367 835 448 899; x_wconf 88' lang='lat' dir='ltr'>quae</span> <span class='ocrx_word' id='word_1_32' title='bbox 471 815 628 880; x_wconf 88' lang='lat' dir='ltr'>sententia</span> <span class='ocrx_word' id='word_1_33' title='bbox 648 815 698 880; x_wconf 90' lang='lat' dir='ltr'>his</span> <span class='ocrx_word' id='word_1_34' title='bbox 720 816 827 881; x_wconf 90' lang='lat' dir='ltr'>verbis</span> <span class='ocrx_word' id='word_1_35' title='bbox 850 836 1003 899; x_wconf 85' lang='lat' dir='ltr'>expressa</span> <span class='ocrx_word' id='word_1_36' title='bbox 1025 825 1086 881; x_wconf 89' lang='lat' dir='ltr'>est:</span> 
     </span>
    </p>
   </div>
   <div class='ocr_carea' id='block_1_2' title="bbox 319 939 1307 1131">
    <p class='ocr_par' dir='ltr' id='par_1_2' title="bbox 319 939 1307 1131">
     <span class='ocr_line' id='line_1_6' title="bbox 319 939 1307 1027; baseline 0.004 -25"><span class='ocrx_word' id='word_1_37' title='bbox 319 943 360 1009; x_wconf 83' lang='grc' dir='ltr'>ὡς</span> <span class='ocrx_word' id='word_1_38' title='bbox 382 939 495 1024; x_wconf 78' lang='grc' dir='ltr'>δὀῦχὶ</span> <span class='ocrx_word' id='word_1_39' title='bbox 516 943 596 1026; x_wconf 84' lang='grc' dir='ltr'>φιλεῖ</span> <span class='ocrx_word' id='word_1_40' title='bbox 614 941 639 1003; x_wconf 83' lang='grc' dir='ltr'>α’</span> <span class='ocrx_word' id='word_1_41' title='bbox 662 941 724 1005; x_wconf 80' lang='grc' dir='ltr'>οὐδ’</span> <span class='ocrx_word' id='word_1_42' title='bbox 747 939 806 1003; x_wconf 77' lang='grc' dir='ltr'>ἔστ’</span> <span class='ocrx_word' id='word_1_43' title='bbox 829 940 937 1017; x_wconf 84' lang='grc' dir='ltr'>εὔνους,</span> <span class='ocrx_word' id='word_1_44' title='bbox 961 944 1036 1004; x_wconf 79' lang='grc' dir='ltr'>τοῦτ’</span> <span class='ocrx_word' id='word_1_45' title='bbox 1057 941 1129 1004; x_wconf 80' lang='grc' dir='ltr'>αὐτὸ</span> <span class='ocrx_word' id='word_1_46' title='bbox 1151 965 1184 1004; x_wconf 84' lang='grc' dir='ltr'>σε</span> <span class='ocrx_word' id='word_1_47' title='bbox 1206 947 1307 1027; x_wconf 83' lang='grc' dir='ltr'>πρῶτοι</span> 
     </span>
     <span class='ocr_line' id='line_1_7' title="bbox 1085 1050 1201 1131; baseline 0 -18"><span class='ocrx_word' id='word_1_48' title='bbox 1085 1050 1201 1131; x_wconf 71' lang='grc' dir='ltr'>διδάξω,</span> 
     </span>
    </p>
   </div>
   <div class='ocr_carea' id='block_1_3' title="bbox 319 1156 1263 1243">
    <p class='ocr_par' dir='ltr' id='par_1_3' title="bbox 319 1156 1263 1243">
     <span class='ocr_line' id='line_1_8' title="bbox 319 1156 1263 1243; baseline 0.005 -25"><span class='ocrx_word' id='word_1_49' title='bbox 319 1156 385 1220; x_wconf 83' lang='grc' dir='ltr'>ἀλλ’</span> <span class='ocrx_word' id='word_1_50' title='bbox 408 1156 427 1240; x_wconf 78' lang='grc' dir='ltr'>ἢ</span> <span class='ocrx_word' id='word_1_51' title='bbox 451 1156 497 1221; x_wconf 81' lang='grc' dir='ltr'>διὰ</span> <span class='ocrx_word' id='word_1_52' title='bbox 518 1159 593 1221; x_wconf 85' lang='grc' dir='ltr'>τοῦτ’</span> <span class='ocrx_word' id='word_1_53' title='bbox 617 1158 683 1222; x_wconf 76' lang='grc' dir='ltr'>αὖθ’</span> <span class='ocrx_word' id='word_1_54' title='bbox 705 1159 768 1242; x_wconf 80' lang='grc' dir='ltr'>ὁτιή</span> <span class='ocrx_word' id='word_1_55' title='bbox 791 1183 843 1221; x_wconf 93' lang='grc' dir='ltr'>σου</span> <span class='ocrx_word' id='word_1_56' title='bbox 867 1163 917 1242; x_wconf 80' lang='grc' dir='ltr'>τῆς</span> <span class='ocrx_word' id='word_1_57' title='bbox 940 1158 1095 1243; x_wconf 82' lang='grc' dir='ltr'>ἀνθρακιᾶς</span> <span class='ocrx_word' id='word_1_58' title='bbox 1115 1160 1263 1224; x_wconf 72' lang='grc' dir='ltr'>ἀπολαύει.</span> 
     </span>
    </p>
   </div>
   <div class='ocr_carea' id='block_1_4' title="bbox 256 1283 1359 1589">
    <p class='ocr_par' dir='ltr' id='par_1_4' title="bbox 256 1283 1359 1589">
     <span class='ocr_line' id='line_1_9' title="bbox 256 1283 1358 1372; baseline 0.004 -24"><span class='ocrx_word' id='word_1_59' title='bbox 256 1284 465 1348; x_wconf 89' lang='lat' dir='ltr'>Locutiouem</span> <span class='ocrx_word' id='word_1_60' title='bbox 487 1284 643 1367; x_wconf 80' lang='grc' dir='ltr'>ἀνθρακιᾶς</span> <span class='ocrx_word' id='word_1_61' title='bbox 665 1306 737 1353; x_wconf 83' lang='grc' dir='ltr'>τινος</span> <span class='ocrx_word' id='word_1_62' title='bbox 759 1283 924 1369; x_wconf 75' lang='grc' dir='ltr'>ἀπολαύειν,</span> <span class='ocrx_word' id='word_1_63' title='bbox 947 1307 1029 1369; x_wconf 90' lang='lat' dir='ltr'>quae</span> <span class='ocrx_word' id='word_1_64' title='bbox 1050 1287 1125 1350; x_wconf 92' lang='lat' dir='ltr'>mihi</span> <span class='ocrx_word' id='word_1_65' title='bbox 1141 1288 1268 1370; x_wconf 89' lang='lat' dir='ltr'>quidem</span> <span class='ocrx_word' id='word_1_66' title='bbox 1283 1308 1358 1372; x_wconf 93' lang='lat' dir='ltr'>pro·</span> 
     </span>
     <span class='ocr_line' id='line_1_10' title="bbox 256 1393 1359 1480; baseline 0.005 -24"><span class='ocrx_word' id='word_1_67' title='bbox 256 1393 360 1458; x_wconf 90' lang='lat' dir='ltr'>verbii</span> <span class='ocrx_word' id='word_1_68' title='bbox 383 1394 522 1478; x_wconf 87' lang='lat' dir='ltr'>speciem</span> <span class='ocrx_word' id='word_1_69' title='bbox 546 1394 708 1478; x_wconf 87' lang='lat' dir='ltr'>praebeat,</span> <span class='ocrx_word' id='word_1_70' title='bbox 731 1395 764 1457; x_wconf 91' lang='lat' dir='ltr'>in</span> <span class='ocrx_word' id='word_1_71' title='bbox 785 1396 948 1480; x_wconf 91' lang='lat' dir='ltr'>proverbii</span> <span class='ocrx_word' id='word_1_72' title='bbox 980 1416 1039 1459; x_wconf 86' lang='lat' dir='ltr'>usu</span> <span class='ocrx_word' id='word_1_73' title='bbox 1071 1396 1177 1476; x_wconf 86' lang='lat' dir='ltr'>fuisse,</span> <span class='ocrx_word' id='word_1_74' title='bbox 1211 1398 1282 1479; x_wconf 92' lang='lat' dir='ltr'>quis</span> <span class='ocrx_word' id='word_1_75' title='bbox 1306 1403 1359 1461; x_wconf 90' lang='lat' dir='ltr'>est</span> 
     </span>
     <span class='ocr_line' id='line_1_11' title="bbox 257 1503 1357 1589; baseline 0.004 -24"><span class='ocrx_word' id='word_1_76' title='bbox 257 1503 319 1586; x_wconf 90' lang='lat' dir='ltr'>qui,</span> <span class='ocrx_word' id='word_1_77' title='bbox 336 1503 526 1568; x_wconf 84' lang='lat' dir='ltr'>testimoniis</span> <span class='ocrx_word' id='word_1_78' title='bbox 541 1510 683 1568; x_wconf 88' lang='lat' dir='ltr'>veterum</span> <span class='ocrx_word' id='word_1_79' title='bbox 700 1523 757 1569; x_wconf 90' lang='lat' dir='ltr'>nos</span> <span class='ocrx_word' id='word_1_80' title='bbox 774 1504 1003 1586; x_wconf 87' lang='lat' dir='ltr'>deficientibus,</span> <span class='ocrx_word' id='word_1_81' title='bbox 1019 1525 1078 1589; x_wconf 92' lang='lat' dir='ltr'>pro</span> <span class='ocrx_word' id='word_1_82' title='bbox 1096 1513 1184 1571; x_wconf 86' lang='lat' dir='ltr'>certo</span> <span class='ocrx_word' id='word_1_83' title='bbox 1197 1506 1357 1571; x_wconf 81' lang='lat' dir='ltr'>affirmet?</span> 
     </span>
    </p>
   </div>
   <div class='ocr_carea' id='block_1_5' title="bbox 221 1627 1357 1931">
    <p class='ocr_par' dir='ltr' id='par_1_5' title="bbox 221 1627 1357 1931">
     <span class='ocr_line' id='line_1_12' title="bbox 358 1627 1357 1712; baseline 0.003 -19"><span class='ocrx_word' id='word_1_84' title='bbox 358 1627 510 1693; x_wconf 84' lang='lat' dir='ltr'>Similiter</span> <span class='ocrx_word' id='word_1_85' title='bbox 532 1629 695 1712; x_wconf 82' lang='lat' dir='ltr'>proverbii</span> <span class='ocrx_word' id='word_1_86' title='bbox 727 1629 831 1694; x_wconf 91' lang='lat' dir='ltr'>locum</span> <span class='ocrx_word' id='word_1_87' title='bbox 864 1631 1040 1695; x_wconf 84' lang='lat' dir='ltr'>obtinuisse</span> <span class='ocrx_word' id='word_1_88' title='bbox 1067 1631 1140 1693; x_wconf 91' lang='lat' dir='ltr'>mihi</span> <span class='ocrx_word' id='word_1_89' title='bbox 1161 1630 1288 1694; x_wconf 87' lang='lat' dir='ltr'>videtur</span> <span class='ocrx_word' id='word_1_90' title='bbox 1311 1633 1357 1696; x_wconf 92' lang='lat' dir='ltr'>lo·</span> 
     </span>
     <span class='ocr_line' id='line_1_13' title="bbox 221 1737 1357 1822; baseline 0.004 -22"><span class='ocrx_word' id='word_1_91' title='bbox 221 1810 224 1819; x_wconf 32' lang='grc' dir='ltr'>Ι</span> <span class='ocrx_word' id='word_1_92' title='bbox 258 1737 343 1800; x_wconf 85' lang='lat' dir='ltr'>cutio</span> <span class='ocrx_word' id='word_1_93' title='bbox 366 1757 448 1820; x_wconf 90' lang='lat' dir='ltr'>quae</span> <span class='ocrx_word' id='word_1_94' title='bbox 471 1744 520 1802; x_wconf 90' lang='lat' dir='ltr'>est</span> <span class='ocrx_word' id='word_1_95' title='bbox 552 1737 722 1821; x_wconf 79' lang='grc' dir='ltr'>ἡμέτερος</span> <span class='ocrx_word' id='word_1_96' title='bbox 755 1739 770 1800; x_wconf 85' lang='grc' dir='ltr'><strong>ὁ</strong></span> <span class='ocrx_word' id='word_1_97' title='bbox 805 1741 987 1822; x_wconf 80' lang='grc' dir='ltr'>πυραμοῦς</span> <span class='ocrx_word' id='word_1_98' title='bbox 1009 1740 1041 1802; x_wconf 92' lang='lat' dir='ltr'>in</span> <span class='ocrx_word' id='word_1_99' title='bbox 1065 1740 1191 1804; x_wconf 85' lang='lat' dir='ltr'>Thesm.</span> <span class='ocrx_word' id='word_1_100' title='bbox 1214 1739 1268 1806; x_wconf 79' lang='lat'>94:</span> <span class='ocrx_word' id='word_1_101' title='bbox 1304 1745 1357 1804; x_wconf 84' lang='grc' dir='ltr'>τοῦ</span> 
     </span>
     <span class='ocr_line' id='line_1_14' title="bbox 255 1842 1140 1931; baseline 0.005 -27"><span class='ocrx_word' id='word_1_102' title='bbox 255 1842 310 1927; x_wconf 70' lang='grc' dir='ltr'>γὰρ</span> <span class='ocrx_word' id='word_1_103' title='bbox 333 1848 477 1930; x_wconf 80' lang='grc' dir='ltr'>τεχνάζειν</span> <span class='ocrx_word' id='word_1_104' title='bbox 498 1845 640 1930; x_wconf 72' lang='grc' dir='ltr'>ἡμέτερος</span> <span class='ocrx_word' id='word_1_105' title='bbox 662 1847 677 1909; x_wconf 81' lang='lat' dir='ltr'>d</span> <span class='ocrx_word' id='word_1_106' title='bbox 700 1851 857 1931; x_wconf 82' lang='grc' dir='ltr'>πυραμοῦς,</span> <span class='ocrx_word' id='word_1_107' title='bbox 880 1855 912 1912; x_wconf 84' lang='lat' dir='ltr'>ct</span> <span class='ocrx_word' id='word_1_108' title='bbox 933 1849 966 1911; x_wconf 88' lang='lat' dir='ltr'>in</span> <span class='ocrx_word' id='word_1_109' title='bbox 988 1869 1057 1930; x_wconf 86' lang='lat' dir='ltr'>equ.</span> <span class='ocrx_word' id='word_1_110' title='bbox 1080 1846 1140 1908; x_wconf 77' lang='lat'>277</span> 
     </span>
    </p>
   </div>
   <div class='ocr_carea' id='block_1_6' title="bbox 376 1987 1206 2185">
    <p class='ocr_par' dir='ltr' id='par_1_6' title="bbox 376 1987 1206 2185">
     <span class='ocr_line' id='line_1_15' title="bbox 376 1987 1156 2075; baseline 0.009 -26"><span class='ocrx_word' id='word_1_111' title='bbox 376 1988 442 2050; x_wconf 83' lang='grc' dir='ltr'>ἀλλ’</span> <span class='ocrx_word' id='word_1_112' title='bbox 465 1987 515 2049; x_wconf 80' lang='grc' dir='ltr'>ἐὰν</span> <span class='ocrx_word' id='word_1_113' title='bbox 537 1989 587 2072; x_wconf 84' lang='grc' dir='ltr'>μὲν</span> <span class='ocrx_word' id='word_1_114' title='bbox 610 1987 693 2052; x_wconf 81' lang='grc' dir='ltr'>τόνδε</span> <span class='ocrx_word' id='word_1_115' title='bbox 716 1994 794 2074; x_wconf 74' lang='grc' dir='ltr'>νικᾷς</span> <span class='ocrx_word' id='word_1_116' title='bbox 815 1995 852 2073; x_wconf 81' lang='grc' dir='ltr'>τῇ</span> <span class='ocrx_word' id='word_1_117' title='bbox 874 1990 939 2075; x_wconf 75' lang='grc' dir='ltr'>βοῇ,</span> <span class='ocrx_word' id='word_1_118' title='bbox 962 1991 1101 2073; x_wconf 76' lang='grc' dir='ltr'>τήνελλος</span> <span class='ocrx_word' id='word_1_119' title='bbox 1123 1989 1156 2055; x_wconf 80' lang='grc' dir='ltr'>εί.</span> 
     </span>
     <span class='ocr_line' id='line_1_16' title="bbox 377 2095 1206 2185; baseline 0.005 -26"><span class='ocrx_word' id='word_1_120' title='bbox 377 2095 411 2183; x_wconf 81' lang='grc' dir='ltr'>ἥν</span> <span class='ocrx_word' id='word_1_121' title='bbox 435 2098 460 2159; x_wconf 84' lang='grc' dir='ltr'>δ’</span> <span class='ocrx_word' id='word_1_122' title='bbox 483 2098 601 2182; x_wconf 79' lang='grc' dir='ltr'>ἀναδείορ</span> <span class='ocrx_word' id='word_1_123' title='bbox 624 2098 759 2184; x_wconf 76' lang='grc' dir='ltr'>παρέλθῃ</span> <span class='ocrx_word' id='word_1_124' title='bbox 782 2123 824 2181; x_wconf 79' lang='grc' dir='ltr'>σε,</span> <span class='ocrx_word' id='word_1_125' title='bbox 848 2099 988 2184; x_wconf 75' lang='grc' dir='ltr'>ἡμέτερος</span> <span class='ocrx_word' id='word_1_126' title='bbox 1011 2101 1026 2163; x_wconf 85' lang='grc' dir='ltr'>ὁ</span> <span class='ocrx_word' id='word_1_127' title='bbox 1049 2103 1206 2185; x_wconf 79' lang='grc' dir='ltr'>πυραμοῦς.</span> 
     </span>
    </p>
   </div>
   <div class='ocr_carea' id='block_1_7' title="bbox 252 2233 1360 4504">
    <p class='ocr_par' dir='ltr' id='par_1_7' title="bbox 254 2233 1360 3498">
     <span class='ocr_line' id='line_1_17' title="bbox 254 2233 1358 2319; baseline 0.003 -23"><span class='ocrx_word' id='word_1_128' title='bbox 254 2233 429 2298; x_wconf 76' lang='lat' dir='ltr'>Dicebatur</span> <span class='ocrx_word' id='word_1_129' title='bbox 450 2234 571 2299; x_wconf 91' lang='lat' dir='ltr'>locutio</span> <span class='ocrx_word' id='word_1_130' title='bbox 595 2234 635 2297; x_wconf 88' lang='lat' dir='ltr'>de</span> <span class='ocrx_word' id='word_1_131' title='bbox 658 2235 718 2310; x_wconf 92' lang='lat' dir='ltr'>eis,</span> <span class='ocrx_word' id='word_1_132' title='bbox 752 2235 805 2318; x_wconf 92' lang='lat' dir='ltr'>qui</span> <span class='ocrx_word' id='word_1_133' title='bbox 833 2254 872 2299; x_wconf 82' lang='lat' dir='ltr'>ex</span> <span class='ocrx_word' id='word_1_134' title='bbox 894 2236 1066 2300; x_wconf 88' lang='lat' dir='ltr'>certamine</span> <span class='ocrx_word' id='word_1_135' title='bbox 1090 2236 1270 2319; x_wconf 87' lang='lat' dir='ltr'>superiores</span> <span class='ocrx_word' id='word_1_136' title='bbox 1295 2235 1358 2300; x_wconf 89' lang='lat' dir='ltr'>dis·</span> 
     </span>
     <span class='ocr_line' id='line_1_18' title="bbox 256 2342 1359 2426; baseline 0.001 -19"><span class='ocrx_word' id='word_1_137' title='bbox 256 2343 414 2407; x_wconf 89' lang='lat' dir='ltr'>cederent.</span> <span class='ocrx_word' id='word_1_138' title='bbox 459 2342 552 2408; x_wconf 90' lang='lat' dir='ltr'>Unde</span> <span class='ocrx_word' id='word_1_139' title='bbox 580 2344 735 2426; x_wconf 86' lang='lat' dir='ltr'>originem</span> <span class='ocrx_word' id='word_1_140' title='bbox 769 2344 907 2425; x_wconf 82' lang='lat' dir='ltr'>duxerit,</span> <span class='ocrx_word' id='word_1_141' title='bbox 941 2344 1129 2408; x_wconf 79' lang='lat' dir='ltr'>scholiastes</span> <span class='ocrx_word' id='word_1_142' title='bbox 1160 2344 1209 2407; x_wconf 90' lang='lat' dir='ltr'>his</span> <span class='ocrx_word' id='word_1_143' title='bbox 1245 2346 1359 2408; x_wconf 89' lang='lat' dir='ltr'>verbis</span> 
     </span>
     <span class='ocr_line' id='line_1_19' title="bbox 255 2449 1359 2537; baseline -0.001 -22"><span class='ocrx_word' id='word_1_144' title='bbox 255 2460 375 2515; x_wconf 86' lang='lat' dir='ltr'>narrat:</span> <span class='ocrx_word' id='word_1_145' title='bbox 414 2455 561 2535; x_wconf 83' lang='grc' dir='ltr'>πυραμοῦς</span> <span class='ocrx_word' id='word_1_146' title='bbox 584 2449 659 2520; x_wconf 83' lang='grc' dir='ltr'>εἶδος</span> <span class='ocrx_word' id='word_1_147' title='bbox 681 2455 860 2520; x_wconf 86' lang='grc' dir='ltr'>πλακοῦντος</span> <span class='ocrx_word' id='word_1_148' title='bbox 881 2451 914 2513; x_wconf 83' lang='grc' dir='ltr'>ἐκ</span> <span class='ocrx_word' id='word_1_149' title='bbox 936 2451 1051 2534; x_wconf 84' lang='grc' dir='ltr'>μέλιτος</span> <span class='ocrx_word' id='word_1_150' title='bbox 1072 2452 1166 2537; x_wconf 79' lang='grc' dir='ltr'>ἑφθοῦ</span> <span class='ocrx_word' id='word_1_151' title='bbox 1188 2451 1234 2515; x_wconf 85' lang='grc' dir='ltr'>καὶ</span> <span class='ocrx_word' id='word_1_152' title='bbox 1256 2456 1359 2536; x_wconf 84' lang='grc' dir='ltr'>πυρῶν</span> 
     </span>
     <span class='ocr_line' id='line_1_20' title="bbox 256 2559 1359 2645; baseline 0.002 -24"><span class='ocrx_word' id='word_1_153' title='bbox 256 2559 475 2645; x_wconf 69' lang='grc' dir='ltr'>πεφρυγμένων,</span> <span class='ocrx_word' id='word_1_154' title='bbox 498 2563 538 2630; x_wconf 81' lang='grc' dir='ltr'>ὥς</span> <span class='ocrx_word' id='word_1_155' title='bbox 560 2561 606 2623; x_wconf 80' lang='grc' dir='ltr'>καί</span> <span class='ocrx_word' id='word_1_156' title='bbox 630 2565 777 2644; x_wconf 79' lang='grc' dir='ltr'>σησαμοῦς</span> <span class='ocrx_word' id='word_1_157' title='bbox 799 2566 831 2624; x_wconf 77' lang='grc' dir='ltr'>τῦ</span> <span class='ocrx_word' id='word_1_158' title='bbox 854 2559 900 2623; x_wconf 83' lang='grc' dir='ltr'>διὰ</span> <span class='ocrx_word' id='word_1_159' title='bbox 924 2562 1074 2643; x_wconf 75' lang='grc' dir='ltr'>σησάμων.</span> <span class='ocrx_word' id='word_1_160' title='bbox 1097 2565 1188 2624; x_wconf 86' lang='grc' dir='ltr'>ταῦτα</span> <span class='ocrx_word' id='word_1_161' title='bbox 1210 2561 1244 2624; x_wconf 76' lang='grc' dir='ltr'>δὲ</span> <span class='ocrx_word' id='word_1_162' title='bbox 1266 2561 1359 2624; x_wconf 87' lang='grc' dir='ltr'>ἐτίθε-</span> 
     </span>
     <span class='ocr_line' id='line_1_21' title="bbox 257 2667 1360 2754; baseline 0.001 -23"><span class='ocrx_word' id='word_1_163' title='bbox 257 2694 308 2732; x_wconf 92' lang='grc' dir='ltr'>σαν</span> <span class='ocrx_word' id='word_1_164' title='bbox 330 2667 407 2732; x_wconf 82' lang='grc' dir='ltr'>ἆθλα</span> <span class='ocrx_word' id='word_1_165' title='bbox 441 2673 498 2738; x_wconf 83' lang='grc' dir='ltr'>τοῖς</span> <span class='ocrx_word' id='word_1_166' title='bbox 532 2671 760 2754; x_wconf 72' lang='grc' dir='ltr'>διαγρυπνηταῖς.</span> <span class='ocrx_word' id='word_1_167' title='bbox 795 2670 916 2732; x_wconf 83' lang='grc' dir='ltr'>εἰώθασι</span> <span class='ocrx_word' id='word_1_168' title='bbox 947 2668 1001 2753; x_wconf 74' lang='grc' dir='ltr'>γὰρ</span> <span class='ocrx_word' id='word_1_169' title='bbox 1035 2671 1064 2732; x_wconf 82' lang='grc' dir='ltr'>ἐν</span> <span class='ocrx_word' id='word_1_170' title='bbox 1097 2675 1155 2739; x_wconf 87' lang='grc' dir='ltr'>τοῖς</span> <span class='ocrx_word' id='word_1_171' title='bbox 1188 2671 1360 2752; x_wconf 83' lang='grc' dir='ltr'>συμποσίοις</span> 
     </span>
     <span class='ocr_line' id='line_1_22' title="bbox 256 2778 1359 2863; baseline 0.001 -22"><span class='ocrx_word' id='word_1_172' title='bbox 256 2779 436 2861; x_wconf 78' lang='grc' dir='ltr'>ἁμιλλᾶσθαι</span> <span class='ocrx_word' id='word_1_173' title='bbox 456 2779 520 2861; x_wconf 81' lang='grc' dir='ltr'>περὶ</span> <span class='ocrx_word' id='word_1_174' title='bbox 542 2778 709 2862; x_wconf 72' lang='grc' dir='ltr'>ἀγρυπνίας,</span> <span class='ocrx_word' id='word_1_175' title='bbox 742 2779 788 2842; x_wconf 82' lang='grc' dir='ltr'>καὶ</span> <span class='ocrx_word' id='word_1_176' title='bbox 815 2779 830 2841; x_wconf 86' lang='grc' dir='ltr'>ὁ</span> <span class='ocrx_word' id='word_1_177' title='bbox 864 2780 1080 2862; x_wconf 79' lang='grc' dir='ltr'>θιαγρυπνήσας</span> <span class='ocrx_word' id='word_1_178' title='bbox 1113 2778 1198 2863; x_wconf 85' lang='grc' dir='ltr'>μέχρι</span> <span class='ocrx_word' id='word_1_179' title='bbox 1229 2784 1281 2860; x_wconf 74' lang='grc' dir='ltr'>τῆς</span> <span class='ocrx_word' id='word_1_180' title='bbox 1314 2778 1359 2843; x_wconf 77' lang='grc' dir='ltr'>ἕω</span> 
     </span>
     <span class='ocr_line' id='line_1_23' title="bbox 256 2886 1360 2973; baseline 0.004 -25"><span class='ocrx_word' id='word_1_181' title='bbox 256 2886 402 2973; x_wconf 83' lang='grc' dir='ltr'>ἐλάμβανε</span> <span class='ocrx_word' id='word_1_182' title='bbox 425 2887 473 2950; x_wconf 85' lang='grc' dir='ltr'>τὸν</span> <span class='ocrx_word' id='word_1_183' title='bbox 496 2891 691 2969; x_wconf 82' lang='grc' dir='ltr'>πυραμοῦντα.</span> <span class='ocrx_word' id='word_1_184' title='bbox 737 2888 800 2954; x_wconf 85' lang='lat' dir='ltr'>Sed</span> <span class='ocrx_word' id='word_1_185' title='bbox 833 2889 936 2952; x_wconf 87' lang='lat' dir='ltr'>locum</span> <span class='ocrx_word' id='word_1_186' title='bbox 968 2888 1132 2972; x_wconf 89' lang='lat' dir='ltr'>proverbii</span> <span class='ocrx_word' id='word_1_187' title='bbox 1159 2889 1360 2953; x_wconf 87' lang='lat' dir='ltr'>locutionem</span> 
     </span>
     <span class='ocr_line' id='line_1_24' title="bbox 256 2997 1358 3082; baseline 0.002 -21"><span class='ocrx_word' id='word_1_188' title='bbox 256 2998 430 3061; x_wconf 90' lang='lat' dir='ltr'>obtinuisse</span> <span class='ocrx_word' id='word_1_189' title='bbox 453 3019 555 3079; x_wconf 90' lang='lat' dir='ltr'>neque</span> <span class='ocrx_word' id='word_1_190' title='bbox 578 2998 770 3061; x_wconf 78' lang='lat' dir='ltr'>scholiastae</span> <span class='ocrx_word' id='word_1_191' title='bbox 792 2997 935 3061; x_wconf 86' lang='lat' dir='ltr'>referunt</span> <span class='ocrx_word' id='word_1_192' title='bbox 946 3017 1047 3080; x_wconf 90' lang='lat' dir='ltr'>neque</span> <span class='ocrx_word' id='word_1_193' title='bbox 1062 2999 1358 3082; x_wconf 88' lang='lat' dir='ltr'>paroemiographi.</span> 
     </span>
     <span class='ocr_line' id='line_1_25' title="bbox 255 3104 1359 3190; baseline 0.001 -21"><span class='ocrx_word' id='word_1_194' title='bbox 255 3107 439 3171; x_wconf 82' lang='lat' dir='ltr'>Athenaeus</span> <span class='ocrx_word' id='word_1_195' title='bbox 466 3107 538 3185; x_wconf 87' lang='lat' dir='ltr'>XV,</span> <span class='ocrx_word' id='word_1_196' title='bbox 572 3104 642 3187; x_wconf 59' lang='lat' dir='ltr'>68ss</span> <span class='ocrx_word' id='word_1_197' title='bbox 663 3107 857 3171; x_wconf 89' lang='lat' dir='ltr'>locutionem</span> <span class='ocrx_word' id='word_1_198' title='bbox 882 3107 1111 3190; x_wconf 86' lang='lat' dir='ltr'>interpretatur</span> <span class='ocrx_word' id='word_1_199' title='bbox 1134 3127 1191 3189; x_wconf 91' lang='lat' dir='ltr'>per</span> <span class='ocrx_word' id='word_1_200' title='bbox 1212 3105 1359 3190; x_wconf 74' lang='grc' dir='ltr'>ἡμέτερον</span> 
     </span>
     <span class='ocr_line' id='line_1_26' title="bbox 254 3215 1360 3299; baseline 0.003 -23"><span class='ocrx_word' id='word_1_201' title='bbox 254 3217 287 3276; x_wconf 82' lang='grc' dir='ltr'>το</span> <span class='ocrx_word' id='word_1_202' title='bbox 309 3217 470 3299; x_wconf 79' lang='grc' dir='ltr'>τερμάτων,</span> <span class='ocrx_word' id='word_1_203' title='bbox 492 3217 547 3278; x_wconf 91' lang='lat' dir='ltr'>ubi</span> <span class='ocrx_word' id='word_1_204' title='bbox 568 3215 680 3279; x_wconf 87' lang='lat' dir='ltr'>merito</span> <span class='ocrx_word' id='word_1_205' title='bbox 692 3215 876 3280; x_wconf 86' lang='lat' dir='ltr'>Lobeckius</span> <span class='ocrx_word' id='word_1_206' title='bbox 903 3216 1059 3299; x_wconf 85' lang='lat' dir='ltr'>Aglaoph.</span> <span class='ocrx_word' id='word_1_207' title='bbox 1084 3237 1115 3299; x_wconf 90' lang='lat' dir='ltr'>p.</span> <span class='ocrx_word' id='word_1_208' title='bbox 1141 3215 1220 3280; x_wconf 72' lang='grc'><strong>1078</strong></span> <span class='ocrx_word' id='word_1_209' title='bbox 1242 3219 1360 3299; x_wconf 82' lang='grc' dir='ltr'>πεμμά-</span> 
     </span>
     <span class='ocr_line' id='line_1_27' title="bbox 254 3323 1359 3409; baseline 0.005 -25"><span class='ocrx_word' id='word_1_210' title='bbox 254 3345 311 3386; x_wconf 87' lang='grc' dir='ltr'>τιον</span> <span class='ocrx_word' id='word_1_211' title='bbox 333 3346 392 3409; x_wconf 91' lang='lat' dir='ltr'>pro</span> <span class='ocrx_word' id='word_1_212' title='bbox 415 3323 566 3409; x_wconf 82' lang='grc' dir='ltr'>θέματιον,</span> <span class='ocrx_word' id='word_1_213' title='bbox 590 3325 675 3407; x_wconf 92' lang='lat' dir='ltr'>quod</span> <span class='ocrx_word' id='word_1_214' title='bbox 696 3324 855 3390; x_wconf 87' lang='lat' dir='ltr'>Boechius</span> <span class='ocrx_word' id='word_1_215' title='bbox 878 3327 1048 3408; x_wconf 85' lang='lat' dir='ltr'>probabat,</span> <span class='ocrx_word' id='word_1_216' title='bbox 1072 3325 1255 3409; x_wconf 86' lang='lat' dir='ltr'>reposuisse</span> <span class='ocrx_word' id='word_1_217' title='bbox 1277 3327 1359 3390; x_wconf 90' lang='lat' dir='ltr'>mihi</span> 
     </span>
     <span class='ocr_line' id='line_1_28' title="bbox 254 3433 390 3498; baseline 0.007 -1"><span class='ocrx_word' id='word_1_218' title='bbox 254 3433 390 3498; x_wconf 87' lang='lat' dir='ltr'>videtur.</span> 
     </span>
    </p>

    <p class='ocr_par' dir='ltr' id='par_1_8' title="bbox 252 3543 1359 4504">
     <span class='ocr_line' id='line_1_29' title="bbox 353 3543 1356 3627; baseline 0.002 -19"><span class='ocrx_word' id='word_1_219' title='bbox 353 3545 507 3608; x_wconf 90' lang='lat' dir='ltr'>Veterum</span> <span class='ocrx_word' id='word_1_220' title='bbox 539 3550 644 3607; x_wconf 90' lang='lat' dir='ltr'>autem</span> <span class='ocrx_word' id='word_1_221' title='bbox 676 3544 858 3608; x_wconf 91' lang='lat' dir='ltr'>testimonio</span> <span class='ocrx_word' id='word_1_222' title='bbox 891 3543 1102 3627; x_wconf 88' lang='lat' dir='ltr'>proverbialis</span> <span class='ocrx_word' id='word_1_223' title='bbox 1135 3550 1204 3609; x_wconf 89' lang='lat' dir='ltr'>erat</span> <span class='ocrx_word' id='word_1_224' title='bbox 1229 3544 1356 3610; x_wconf 89' lang='lat' dir='ltr'>locutio</span> 
     </span>
     <span class='ocr_line' id='line_1_30' title="bbox 254 3649 1359 3737; baseline 0.006 -24"><span class='ocrx_word' id='word_1_225' title='bbox 254 3650 315 3737; x_wconf 81' lang='grc' dir='ltr'>ἀρ’</span> <span class='ocrx_word' id='word_1_226' title='bbox 347 3649 491 3720; x_wconf 80' lang='grc' dir='ltr'>Ἑστίας</span> <span class='ocrx_word' id='word_1_227' title='bbox 524 3650 718 3736; x_wconf 59' lang='grc' dir='ltr'>ἄργίεσθαι,</span> <span class='ocrx_word' id='word_1_228' title='bbox 753 3652 898 3736; x_wconf 87' lang='lat' dir='ltr'>profecta</span> <span class='ocrx_word' id='word_1_229' title='bbox 920 3673 960 3717; x_wconf 82' lang='lat' dir='ltr'>ex</span> <span class='ocrx_word' id='word_1_230' title='bbox 982 3652 1177 3716; x_wconf 85' lang='lat' dir='ltr'>Graecorum</span> <span class='ocrx_word' id='word_1_231' title='bbox 1200 3673 1297 3734; x_wconf 85' lang='lat' dir='ltr'>more,</span> <span class='ocrx_word' id='word_1_232' title='bbox 1320 3662 1359 3720; x_wconf 91' lang='lat' dir='ltr'>ut</span> 
     </span>
     <span class='ocr_line' id='line_1_31' title="bbox 252 3762 1359 3845; baseline 0.003 -20"><span class='ocrx_word' id='word_1_233' title='bbox 252 3762 355 3826; x_wconf 85' lang='lat' dir='ltr'>Vesta</span> <span class='ocrx_word' id='word_1_234' title='bbox 377 3762 437 3826; x_wconf 87' lang='lat' dir='ltr'>dea</span> <span class='ocrx_word' id='word_1_235' title='bbox 459 3762 491 3825; x_wconf 90' lang='lat' dir='ltr'>in</span> <span class='ocrx_word' id='word_1_236' title='bbox 507 3762 651 3825; x_wconf 90' lang='lat' dir='ltr'>omnibus</span> <span class='ocrx_word' id='word_1_237' title='bbox 664 3763 765 3825; x_wconf 89' lang='lat' dir='ltr'>saeris</span> <span class='ocrx_word' id='word_1_238' title='bbox 778 3762 936 3826; x_wconf 84' lang='lat' dir='ltr'>faciundis</span> <span class='ocrx_word' id='word_1_239' title='bbox 953 3769 985 3826; x_wconf 90' lang='lat' dir='ltr'>et</span> <span class='ocrx_word' id='word_1_240' title='bbox 997 3762 1235 3845; x_wconf 87' lang='lat' dir='ltr'>precationibus</span> <span class='ocrx_word' id='word_1_241' title='bbox 1250 3763 1359 3845; x_wconf 86' lang='lat' dir='ltr'>prima</span> 
     </span>
     <span class='ocr_line' id='line_1_32' title="bbox 254 3871 1356 3953; baseline 0.002 -18"><span class='ocrx_word' id='word_1_242' title='bbox 254 3872 390 3935; x_wconf 90' lang='lat' dir='ltr'>omnium</span> <span class='ocrx_word' id='word_1_243' title='bbox 413 3871 598 3936; x_wconf 87' lang='lat' dir='ltr'>caelestium</span> <span class='ocrx_word' id='word_1_244' title='bbox 620 3872 832 3936; x_wconf 87' lang='lat' dir='ltr'>invocaretur.</span> <span class='ocrx_word' id='word_1_245' title='bbox 878 3871 917 3935; x_wconf 87' lang='lat' dir='ltr'>es.</span> <span class='ocrx_word' id='word_1_246' title='bbox 941 3871 1072 3952; x_wconf 88' lang='lat' dir='ltr'>Preller,</span> <span class='ocrx_word' id='word_1_247' title='bbox 1099 3872 1187 3953; x_wconf 82' lang='lat' dir='ltr'>greh.</span> <span class='ocrx_word' id='word_1_248' title='bbox 1205 3871 1304 3952; x_wconf 87' lang='lat' dir='ltr'>Myth.</span> <span class='ocrx_word' id='word_1_249' title='bbox 1329 3873 1356 3938; x_wconf 93' lang='lat' dir='ltr'>I.</span> 
     </span>
     <span class='ocr_line' id='line_1_33' title="bbox 253 3977 1359 4066; baseline 0.006 -26"><span class='ocrx_word' id='word_1_250' title='bbox 253 4003 284 4065; x_wconf 91' lang='lat' dir='ltr'>p.</span> <span class='ocrx_word' id='word_1_251' title='bbox 306 3978 377 4042; x_wconf 76' lang='lat'>271.</span> <span class='ocrx_word' id='word_1_252' title='bbox 422 3981 505 4044; x_wconf 88' lang='lat' dir='ltr'>Hinc</span> <span class='ocrx_word' id='word_1_253' title='bbox 527 3980 646 4045; x_wconf 89' lang='lat' dir='ltr'>locutio</span> <span class='ocrx_word' id='word_1_254' title='bbox 671 3981 719 4066; x_wconf 78' lang='grc' dir='ltr'>ἀφ’</span> <span class='ocrx_word' id='word_1_255' title='bbox 736 3977 853 4048; x_wconf 82' lang='grc' dir='ltr'>Ἑστίας</span> <span class='ocrx_word' id='word_1_256' title='bbox 881 3978 1026 4064; x_wconf 81' lang='grc' dir='ltr'>ἄρχεσθαι</span> <span class='ocrx_word' id='word_1_257' title='bbox 1059 3980 1230 4062; x_wconf 89' lang='lat' dir='ltr'>proverbio</span> <span class='ocrx_word' id='word_1_258' title='bbox 1254 3981 1359 4047; x_wconf 91' lang='lat' dir='ltr'>incre·</span> 
     </span>
     <span class='ocr_line' id='line_1_34' title="bbox 253 4089 1357 4174; baseline 0.004 -22"><span class='ocrx_word' id='word_1_259' title='bbox 253 4089 351 4170; x_wconf 86' lang='lat' dir='ltr'>bruit,</span> <span class='ocrx_word' id='word_1_260' title='bbox 385 4089 424 4154; x_wconf 87' lang='lat' dir='ltr'>de</span> <span class='ocrx_word' id='word_1_261' title='bbox 457 4090 497 4153; x_wconf 93' lang='lat' dir='ltr'>iis</span> <span class='ocrx_word' id='word_1_262' title='bbox 530 4091 624 4154; x_wconf 87' lang='lat' dir='ltr'>rebus</span> <span class='ocrx_word' id='word_1_263' title='bbox 658 4089 757 4167; x_wconf 87' lang='lat' dir='ltr'>dicta,</span> <span class='ocrx_word' id='word_1_264' title='bbox 791 4111 872 4173; x_wconf 88' lang='lat' dir='ltr'>quae</span> <span class='ocrx_word' id='word_1_265' title='bbox 905 4089 1027 4174; x_wconf 86' lang='lat' dir='ltr'>primae</span> <span class='ocrx_word' id='word_1_266' title='bbox 1049 4089 1186 4152; x_wconf 88' lang='lat' dir='ltr'>omnium</span> <span class='ocrx_word' id='word_1_267' title='bbox 1208 4090 1357 4172; x_wconf 83' lang='lat' dir='ltr'>agendae</span> 
     </span>
     <span class='ocr_line' id='line_1_35' title="bbox 253 4196 1356 4282; baseline 0.003 -20"><span class='ocrx_word' id='word_1_268' title='bbox 253 4208 368 4262; x_wconf 89' lang='lat' dir='ltr'>esseut.</span> <span class='ocrx_word' id='word_1_269' title='bbox 421 4197 599 4282; x_wconf 86' lang='lat' dir='ltr'>Usurpavit</span> <span class='ocrx_word' id='word_1_270' title='bbox 632 4220 703 4265; x_wconf 93' lang='lat' dir='ltr'>eam</span> <span class='ocrx_word' id='word_1_271' title='bbox 731 4199 964 4281; x_wconf 86' lang='lat' dir='ltr'>Aristophanes</span> <span class='ocrx_word' id='word_1_272' title='bbox 996 4199 1029 4262; x_wconf 92' lang='lat' dir='ltr'>in</span> <span class='ocrx_word' id='word_1_273' title='bbox 1048 4201 1151 4282; x_wconf 88' lang='lat' dir='ltr'>&#39;vesp</span> <span class='ocrx_word' id='word_1_274' title='bbox 1183 4196 1254 4261; x_wconf 77' lang='lat'>846.</span> <span class='ocrx_word' id='word_1_275' title='bbox 1312 4201 1356 4264; x_wconf 83' lang='lat' dir='ltr'>ef.</span> 
     </span>
     <span class='ocr_line' id='line_1_36' title="bbox 253 4295 1358 4392; baseline 0.002 -22"><span class='ocrx_word' id='word_1_276' title='bbox 253 4306 371 4370; x_wconf 88' lang='lat' dir='ltr'>Zenob.</span> <span class='ocrx_word' id='word_1_277' title='bbox 394 4307 419 4391; x_wconf 89' lang='lat' dir='ltr'>I,</span> <span class='ocrx_word' id='word_1_278' title='bbox 441 4307 469 4390; x_wconf 87' lang='lat'>4,</span> <span class='ocrx_word' id='word_1_279' title='bbox 493 4310 546 4392; x_wconf 89' lang='lat' dir='ltr'>qui</span> <span class='ocrx_word' id='word_1_280' title='bbox 569 4328 631 4372; x_wconf 91' lang='lat' dir='ltr'>non</span> <span class='ocrx_word' id='word_1_281' title='bbox 654 4295 742 4372; x_wconf 70' lang='lat' dir='ltr'>iente</span> <span class='ocrx_word' id='word_1_282' title='bbox 762 4327 829 4372; x_wconf 89' lang='lat' dir='ltr'>eam</span> <span class='ocrx_word' id='word_1_283' title='bbox 853 4307 998 4390; x_wconf 83' lang='lat' dir='ltr'>explicat</span> <span class='ocrx_word' id='word_1_284' title='bbox 1020 4328 1092 4391; x_wconf 91' lang='lat' dir='ltr'>per:</span> <span class='ocrx_word' id='word_1_285' title='bbox 1126 4307 1298 4390; x_wconf 68' lang='lat' dir='ltr'>pauperum</span> <span class='ocrx_word' id='word_1_286' title='bbox 1322 4310 1358 4372; x_wconf 78' lang='grc' dir='ltr'>δὲ</span> 
     </span>
     <span class='ocr_line' id='line_1_37' title="bbox 253 4412 1358 4504; baseline 0.004 -26"><span class='ocrx_word' id='word_1_287' title='bbox 253 4414 311 4478; x_wconf 85' lang='grc' dir='ltr'>ἀπὸ</span> <span class='ocrx_word' id='word_1_288' title='bbox 333 4420 390 4479; x_wconf 81' lang='grc' dir='ltr'>τῶν</span> <span class='ocrx_word' id='word_1_289' title='bbox 411 4418 476 4504; x_wconf 88' lang='grc' dir='ltr'>περὶ</span> <span class='ocrx_word' id='word_1_290' title='bbox 503 4416 538 4479; x_wconf 81' lang='grc' dir='ltr'>τὰ</span> <span class='ocrx_word' id='word_1_291' title='bbox 559 4417 622 4502; x_wconf 77' lang='grc' dir='ltr'>ἱερὰ</span> <span class='ocrx_word' id='word_1_292' title='bbox 643 4414 817 4501; x_wconf 80' lang='grc' dir='ltr'>δρωμένων·</span> <span class='ocrx_word' id='word_1_293' title='bbox 851 4414 921 4486; x_wconf 81' lang='grc' dir='ltr'>ἔθος</span> <span class='ocrx_word' id='word_1_294' title='bbox 954 4416 1010 4502; x_wconf 74' lang='grc' dir='ltr'>γὰρ</span> <span class='ocrx_word' id='word_1_295' title='bbox 1042 4415 1077 4502; x_wconf 84' lang='grc' dir='ltr'>ἤν</span> <span class='ocrx_word' id='word_1_296' title='bbox 1109 4421 1147 4502; x_wconf 77' lang='grc' dir='ltr'>τῇ</span> <span class='ocrx_word' id='word_1_297' title='bbox 1167 4412 1268 4503; x_wconf 74' lang='grc' dir='ltr'>Ἑστία</span> <span class='ocrx_word' id='word_1_298' title='bbox 1301 4417 1358 4490; x_wconf 86' lang='grc' dir='ltr'>τὰς</span> 
     </span>
    </p>
   </div>
   <div class='ocr_carea' id='block_1_8' title="bbox 0 0 1438 5176">
    <p class='ocr_par' dir='ltr' id='par_1_9' title="bbox 0 0 1438 5176">
     <span class='ocr_line' id='line_1_38' title="bbox 0 0 1438 5176; baseline 0 0"><span class='ocrx_word' id='word_1_299' title='bbox 0 0 1438 5176; x_wconf 95' lang='lat' dir='ltr'> </span> 
     </span>
    </p>
   </div>
  </div>
 </body>
</html>
