2782 5032
676 375 718 437 43

243 568 409 636 Κυδώνια
441 575 541 656 μῆλα
573 576 605 640 in
629 577 733 660 frgmt.
757 576 829 660 634,
853 576 893 642 cs.
917 578 1039 643 Polluc.
1064 577 1141 660 6,47,
1164 601 1247 662 quac

141 683 226 746 mala
249 683 283 746 in
305 683 384 747 Ach.
411 682 491 745 1199
514 691 546 748 et
568 687 640 749 nub.
662 685 722 749 977
746 694 1038 752 commemorantur.

244 791 424 876 λάβρακες
448 789 618 876 Μιλήσιοι
640 795 672 858 in
695 815 766 878 equ,
782 793 841 857 361
866 803 899 861 et
920 797 1025 879 srgmt.
1042 795 1113 860 333.
1150 797 1248 861 Plura
1301 852 1304 877 ,

140 901 234 984 legas
258 921 310 986 ap.
334 903 446 985 Apost.
470 902 510 983 X,
534 900 574 964 38
597 912 629 968 et
647 904 683 967 in
706 907 790 989 App.
813 904 870 987 ΙΙΙ,
892 902 943 968 57.

222 1011 400 1093 ’γλαῦκες
433 1009 682 1092 Λαυριιοτικαί
711 1014 743 1076 in
778 1034 826 1077 nv.
864 1011 957 1095 1106,
991 1012 1106 1096 quibus
1139 1013 1248 1078 verbis

140 1120 259 1184 nummi
280 1120 424 1204 argentei
445 1119 647 1204 intelligendi
670 1130 750 1204 sunt,
772 1122 930 1206 impressa
951 1121 1038 1185 ulula
1060 1120 1188 1206 signati.

244 1224 467 1312 Τρικορυσία
500 1226 605 1310 ἐμπίς
638 1231 669 1294 in
701 1231 773 1313 [οὐ.
800 1229 888 1312 1032,
920 1232 974 1295 ubi
1008 1231 1112 1295 schol:
1146 1232 1186 1298 ὡς
1219 1229 1249 1292 ἐν

142 1321 320 1422 Τρικοράθιρ
348 1337 406 1421 (sc.
430 1337 532 1422 δήμῳ)
561 1340 680 1400 πολλῶν
712 1338 843 1422 ἐμπίδων
872 1343 1065 1423 γιγνομένων·
1100 1336 1161 1401 ἔστι
1194 1337 1249 1422 γὰρ

142 1445 285 1529 ἀλυώδης
307 1445 354 1508 καὶ
376 1445 532 1527 κάθυγρος.

245 1550 435 1637 Ταρτησία
468 1555 625 1638 μύραινα
657 1557 689 1619 in
722 1577 789 1622 ran.
818 1558 894 1640 475,
929 1579 1024 1642 quam
1056 1559 1250 1623 locutionem

144 1685 184 1729 ex
206 1664 387 1729 imitatione
409 1664 573 1748 proverbii
596 1667 672 1746 γαλῆ
697 1661 852 1749 Ταρτησία,
876 1668 916 1732 de
940 1688 1002 1752 quo
1026 1668 1119 1750 Diog.
1134 1666 1192 1749 111,
1209 1665 1247 1727 71

145 1773 306 1854 disseruit,
339 1772 516 1856 profectam
539 1793 610 1838 esse
632 1774 822 1840 Leut'sohius
852 1777 884 1840 in
918 1778 1039 1843 adnott.
1073 1776 1115 1841 ad
1136 1779 1249 1861 Apost.

144 1882 234 1964 XVI,
262 1881 479 1946 madmena.

246 1989 415 2058 Αἰτναῖος
442 1989 612 2073 μέγιστος
633 1991 777 2075 κάνθαρος
798 1993 831 2056 in
853 2014 915 2078 pac
935 1992 984 2056 73.
1022 1993 1112 2070 Quae
1128 1993 1249 2058 locutio

145 2109 248 2165 utrum
272 2121 312 2164 ex
334 2119 372 2164 ου
395 2109 465 2164 orta
488 2101 538 2182 sit,
563 2101 648 2184 quod
670 2103 775 2184 magni
800 2103 946 2167 canthari
968 2104 1000 2166 in
1023 2110 1129 2166 monte
1144 2104 1250 2165 Aetna

146 2219 250 2289 crant,
284 2229 324 2272 an
349 2207 480 2277 Αἰτναῖος
509 2231 567 2295 per
600 2209 800 2295 ὑπερμεγέθης
830 2212 1070 2294 comparatione
1102 2211 1250 2275 inst'tuta

145 2317 394 2401 intellegendum
417 2319 467 2399 sit,
491 2328 526 2382 ut
548 2319 737 2384 scholiastes
754 2321 882 2403 quidem
898 2321 973 2402 vult,
997 2321 1171 2386 decernere
1187 2339 1249 2383 uon

145 2447 283 2512 possum.
330 2426 527 2510 Quamquam
550 2428 606 2491 illa
623 2429 862 2513 interpretatio,
897 2431 1067 2495 secundam
1090 2451 1183 2513 quarn
1205 2430 1249 2493 lo·

146 2537 266 2601 cutioni
289 2524 463 2600 similitudo
487 2558 556 2600 cum
579 2537 626 2601 eis
650 2544 712 2618 cst,
737 2559 816 2620 quas
839 2540 900 2604 huc
923 2535 1024 2621 attuli,
1049 2540 1125 2603 mihi
1147 2539 1250 2621 magis

146 2646 271 2710 arridet
293 2665 386 2727 quam
408 2646 497 2709 hacc.

245 2751 322 2822 ὅξος
345 2751 524 2837 Σφήττιον
547 2740 579 2817 in
601 2755 679 2839 plut.
704 2755 773 2820 720.

244 2860 324 2947 ἔρια
347 2860 503 2946 Μιλήσια
530 2864 562 2926 in
584 2863 658 2946 Lys.
675 2862 736 2925 729
759 2871 792 2928 et
814 2865 1010 2946 στρώματα
1033 2862 1197 2948 Μιλήσια
1219 2865 1250 2928 in

145 2993 213 3037 ran.
239 2970 310 3051 542,
333 2973 387 3035 ubi
411 2972 517 3038 schol:
539 2970 602 3033 ἐκεῖ
620 2971 674 3056 γὰρ
698 2971 727 3034 ἐν
750 2971 874 3057 Μιλήτῳ
895 2975 972 3056 καλὴ
995 2974 1013 3056 ἡ
1038 2978 1097 3036 τῶν
1119 2974 1250 3057 στρωμά-

143 3105 202 3144 των
230 3080 359 3164 ἐργασία.

246 3190 367 3273 βάμμα
400 3188 600 3273 Σαρδιακδν
626 3189 779 3274 βάπτειν
808 3192 887 3252 τινά
908 3191 940 3255 in
962 3192 1042 3255 Aen.
1070 3189 1144 3272 112;
1172 3210 1255 3272 quae

146 3303 245 3365 verba
279 3281 426 3364 dicuntur
449 3300 489 3364 de
517 3318 569 3379 eo,
602 3299 655 3382 qui
691 3299 878 3365 verberibus
912 3309 1081 3382 tantopere
1115 3300 1254 3381 castiget

147 3410 301 3494 aliquem,
333 3420 369 3473 ut
391 3410 544 3491 sanguine
566 3428 716 3493 resperso
743 3419 893 3474 cruentus
916 3409 966 3473 sit.
1010 3407 1100 3485 Quae
1132 3408 1252 3472 locutio

147 3520 292 3600 quamvis
317 3519 458 3601 vulgaris
480 3539 499 3581 a
522 3517 705 3582 scholiastis
729 3537 793 3581 non
815 3528 926 3583 notata
955 3519 1014 3597 sit,
1047 3524 1151 3582 tamen
1185 3536 1253 3599 spe·

148 3629 228 3692 ciem
261 3629 425 3711 proverbii
460 3625 658 3691 manifestam
694 3629 837 3709 praebet.
886 3628 935 3692 De
968 3636 1059 3690 veste
1091 3645 1252 3710 purpurea

148 3738 273 3801 occurit
294 3737 414 3803 locutio
430 3737 532 3822 βάμμα
548 3732 708 3820 Σορδιακόν
731 3736 818 3800 dicto
842 3737 873 3799 in
897 3756 967 3821 pac.
985 3736 1075 3816 1174,
1097 3735 1152 3797 ubi
1166 3734 1253 3798 scho-

148 3847 259 3911 liastes
282 3855 423 3929 annotat,
444 3855 572 3931 poetam
593 3846 688 3909 etiam
711 3846 744 3908 in
766 3845 933 3911 comoedia
951 3840 1127 3926 Ἰἀγηνιστοί
1144 3844 1253 3909 eadem

148 3956 310 4020 locutione
333 3977 422 4019 usum
444 3955 551 4020 fuisse.
595 3955 633 4018 In
655 3974 727 4038 pac.
753 3953 847 4037 1176,
879 3954 931 4017 ubi
961 3953 1026 4016 dux
1048 3955 1183 4037 ignavus
1203 3950 1253 4016 de

150 4066 316 4128 scribitur:

349 4172 384 4255 ἢν
407 4171 441 4234 δέ
462 4195 518 4236 που
541 4171 596 4256 δέη
619 4169 745 4255 μάχεσθ’
769 4167 878 4255 ἔχοντα
899 4173 950 4254 τὴν
973 4170 1123 4255 φοινικίδα,

356 4282 498 4363 τηνικαῦτ’
521 4281 609 4349 αὐτὸς
632 4279 773 4366 βέβαπται
795 4282 896 4367 βάμμα
919 4274 1116 4364 Κυζικηνικόν,

283 4406 286 4411 ’
352 4387 425 4451 κᾶτα
448 4387 550 4473 φεύγει
571 4392 695 4472 πρῶτος,

153 4506 249 4582 poeta
272 4518 352 4563 voce
376 4493 562 4582 Κοίικηκικόν
589 4518 664 4563 usus
696 4505 761 4580 est,
796 4506 831 4562 ut
849 4498 1061 4581 Cyzienorum
1093 4497 1253 4580 ignaviam
