2866 5176
695 517 734 581 ot

168 719 304 805 ἀπαρχὰς
325 720 474 784 ποιεῖσθαι.
518 721 630 804 Neque
662 722 744 787 enim
772 729 945 805 propterea
971 722 1093 787 locutio
1117 729 1188 788 orta
1210 731 1267 807 est,

168 829 254 912 quod
275 831 395 895 Vestae
418 828 541 913 frugum
562 831 723 914 primitiae
746 839 779 895 et
804 831 988 895 animalium
1021 832 1124 915 prima
1159 834 1268 916 genita

168 939 446 1020 sacrificabantur,
481 939 537 1003 sed
561 959 631 1003 eam
653 942 694 1003 oh
718 960 859 1020 causam,
882 960 975 1021 quam
999 940 1092 1005 modo
1116 943 1266 1025 explicui.

167 1047 269 1112 Recte
293 1050 402 1132 Apost.
426 1049 483 1128 lv,
516 1046 554 1108 61
590 1048 856 1130 significationem
885 1049 967 1114 hano
994 1068 1065 1113 esse
1088 1050 1180 1117 dicit:
1221 1050 1267 1113 ἐπὶ

167 1160 224 1217 τῶν
245 1155 274 1225 ἐξ
296 1157 390 1240 ἀρχῆς
411 1181 437 1220 τι
458 1154 651 1240 πραττόντων.

267 1265 412 1348 Denique
435 1266 475 1330 de
496 1266 710 1331 locutionibus
734 1266 958 1348 disputandum
980 1267 1057 1330 mihi
1090 1274 1152 1350 est,
1186 1288 1267 1351 quae

167 1372 209 1435 ad
232 1372 402 1438 ludendum
424 1374 498 1438 talis
521 1375 690 1458 pertinent,
713 1384 745 1439 et
765 1376 804 1438 ab
828 1375 1043 1460 Aristophane
1065 1375 1098 1438 in
1120 1396 1189 1441 ran.
1205 1375 1268 1439 970

167 1481 373 1564 attinguntur,
395 1484 448 1546 ubi
475 1484 514 1547 de
537 1484 734 1549 Theramene
756 1483 835 1548 haec
859 1485 944 1548 dicta
967 1484 1115 1567 legimus:

174 1683 176 1685 .
268 1613 447 1700 Θηραμένης,
471 1615 560 1703 σορός
581 1619 607 1699 γ’
630 1616 767 1700 niripiunt
790 1618 878 1683 δεινος
901 1615 931 1685 ἐς
951 1615 987 1678 τὰ
1010 1618 1111 1702 πάντα,

268 1722 300 1792 ὃς
320 1723 355 1807 ἣν
377 1728 474 1794 κακοῖς
493 1749 550 1789 nou
572 1725 714 1810 περιπέσῃ
736 1725 784 1788 καὶ
805 1726 926 1810 utpote<
947 1730 1082 1810 παραστῇ
1122 1724 1125 1730 ’

267 1832 417 1898 πέπτωκεν
440 1831 497 1904 ἔξω
519 1840 576 1898 τῶν
599 1840 705 1917 κακῶν,
730 1834 767 1898 οὐ
789 1831 888 1916 Χῖος,
912 1833 1007 1896 ἀλλὰ
1030 1830 1146 1903 Κεῖος.

167 1967 290 2044 Quibus
323 1969 431 2033 verbis
465 1976 562 2054 poeta
599 1970 733 2034 animum
771 1969 1027 2034 commutabilem
1060 1969 1267 2034 Theramenis

166 2077 321 2160 castigat,
349 2079 403 2161 qui
425 2078 466 2142 ad
487 2086 591 2143 motus
613 2072 758 2143 fortunae
780 2098 814 2142 se
837 2097 964 2142 movere
988 2077 1102 2160 soleat,
1139 2086 1172 2143 et
1192 2100 1267 2162 quo·

164 2186 354 2270 tieseunque
376 2188 408 2250 in
430 2188 605 2271 perieulum
628 2188 790 2266 inciderit,
825 2207 859 2252 se
886 2207 986 2252 exeo
1010 2187 1118 2270 aliqua
1142 2189 1267 2252 ratione

164 2296 292 2379 eripere
315 2297 411 2380 sciat;
435 2296 519 2379 quod
540 2297 624 2362 idem
642 2297 709 2380 jam
732 2296 764 2361 in
786 2316 853 2360 ran.
876 2295 934 2358 541
960 2294 1054 2366 dixit:

516 2442 549 2501 rh
571 2439 605 2501 δὲ
627 2435 878 2522 μεταστρέφεσθαι

516 2550 586 2631 πρὸς
604 2546 636 2608 τὸ
659 2547 890 2631 μαλθακώτερον

516 2656 610 2726 δεξιοῦ
633 2655 706 2738 πρὸς
729 2655 833 2739 ἀνδρὸς
859 2653 918 2717 ἐστι

516 2765 564 2827 καὶ
585 2763 669 2848 φύσει
691 2762 887 2848 Θηραμένους.

164 2897 331 2962 Sententia
354 2918 499 2962 versuum
520 2900 645 2964 illorum
668 2899 835 2963 manifesta
857 2904 952 2980 atque
975 2905 1088 2981 aperta
1110 2904 1172 2980 est;
1208 2898 1265 2963 sed

164 3006 245 3088 quid
263 3009 371 3071 verbis
382 3003 462 3087 Χῖος,
487 3007 565 3070 ἀλλὰ
587 3003 672 3075 Κεῖος
694 3007 926 3090 significaverit
938 3006 1179 3091 Aristophanes,
1202 3027 1265 3071 non

164 3114 262 3179 facile
285 3122 335 3180 est
357 3116 396 3179 ad
420 3117 667 3199 intelligendum.
712 3115 803 3194 Quod
826 3116 867 3179 ad
889 3115 1111 3199 explicandum
1133 3135 1266 3181 necesse

164 3231 216 3288 est
239 3226 414 3307 exquirere,
437 3247 518 3308 quae
540 3227 645 3310 patria
666 3225 874 3290 Theramenis
898 3223 1001 3288 suerit.
1045 3224 1162 3289 Omnes
1178 3226 1266 3289 scho-

162 3333 280 3397 liastae
303 3335 516 3415 consentiunt,
550 3335 684 3398 Athenis
708 3355 777 3399 eum
807 3354 883 3397 non
903 3342 1009 3398 natum
1032 3352 1115 3413 esse,
1147 3333 1203 3397 sed
1224 3335 1265 3397 ab

165 3442 324 3524 Hagnone
343 3442 481 3525 quodam
503 3443 688 3527 adoptatum
711 3445 744 3508 in
767 3443 928 3507 civitatem
957 3441 1197 3506 Atheniensium
1219 3462 1266 3507 re·

164 3558 293 3635 ceptum
315 3571 399 3633 essc;
434 3572 496 3634 qua
519 3573 559 3616 ex
579 3555 657 3617 urbe
684 3561 787 3616 autem
817 3553 973 3634 originem
1001 3551 1141 3633 duxerit,
1175 3551 1266 3616 varia

163 3660 258 3723 nohis
280 3661 399 3725 tradita
422 3667 503 3725 sunt.
548 3660 743 3725 Scholiastes
778 3662 860 3726 enim
894 3661 934 3724 ad
968 3681 1035 3723 ran.
1058 3658 1120 3724 970
1152 3659 1265 3726 refert:

164 3763 254 3852 Κῷος
275 3769 308 3830 δὲ
329 3768 447 3850 ἐλέγετο
467 3765 544 3850 εἶναι,
566 3770 586 3832 i.
600 3790 627 3834 e.
644 3771 870 3836 Theramenem
884 3770 918 3832 in
935 3769 1038 3832 insula
1060 3768 1135 3832 Coo
1159 3776 1265 3833 natum

164 3897 247 3942 esse.
280 3878 317 3941 In
340 3877 438 3942 schol.
462 3886 566 3941 autem
586 3881 797 3944 recentiorum
814 3878 960 3942 codicum
974 3877 1109 3959 legimus
1125 3877 1165 3941 ad
1182 3897 1264 3943 vers.

163 4009 234 4051 ran.
257 3985 334 4068 541,
368 3986 525 4050 ininsula
558 3987 650 4052 Chio
678 4009 748 4053 eum
771 3995 877 4051 natum
899 4005 984 4051 esse:
1020 3990 1058 4067 τῇ
1081 3985 1114 4047 δὲ
1137 3984 1263 4070 ἀληθείᾳ

164 4091 241 4162 Χῖος
263 4093 308 4178 ἦν.
352 4096 498 4178 Denique
522 4097 648 4161 tertium
671 4097 841 4162 memoriae
869 4095 1027 4178 proditum
1050 4103 1107 4174 est,
1130 4094 1265 4158 insulam

164 4204 279 4268 Oeam
314 4224 385 4269 esse
417 4205 553 4289 patriam
586 4206 801 4270 Theramenis.
857 4205 897 4271 cf.
927 4204 1025 4269 schol.
1050 4203 1121 4267 cod.
1159 4203 1191 4266 V
1214 4203 1264 4266 ad.

164 4335 232 4377 ran.
255 4312 330 4379 541:
354 4315 435 4375 δοκεῖ
454 4313 486 4375 δὲ
509 4313 567 4375 ἀπὸ
590 4309 658 4376 Κέον
681 4318 733 4396 τῆς
753 4314 842 4396 νήσου
866 4311 950 4394 εἶναι,
982 4312 1033 4374 οὐκ
1056 4310 1126 4374 εἶναι
1147 4311 1181 4374 δὲ
1201 4333 1265 4394 γνη-

164 4444 227 4490 σιος
249 4421 325 4483 ἀλλὰ
348 4421 467 4505 ποιητὸς
486 4421 545 4489 othe
567 4425 617 4484 τοῦ
635 4418 799 4504 Ἅγνωνος.
833 4422 953 4486 Eadem
968 4420 1068 4486 refert
1082 4421 1264 4485 Demetrius

161 4533 197 4596 in
220 4531 318 4596 schol.
342 4532 382 4594 ad
404 4552 472 4594 rau.
494 4529 569 4594 970:
608 4531 772 4615 ἐπιπλήττει
798 4531 832 4594 δὲ
861 4529 978 4615 atton
1007 4529 1183 4614 Δημήτριος,
1224 4531 1266 4597 ὡς

162 4637 275 4707 τελέως
296 4638 443 4724 ἀγνοοῦντι
466 4637 509 4702 ὅτι
530 4635 601 4708 Κῖος
621 4638 656 4723 ἧν
680 4640 820 4723 (scilicet
839 4647 937 4725 poeta
958 4639 987 4703 is
1010 4645 1067 4720 est,
1091 4659 1183 4723 quem
1206 4639 1270 4714 De⁸

1064 4755 1104 4808 5*
