2866 5176
695 287 735 350 72

612 380 667 386 ...η-
673 376 811 385 ..-φοι-..-

162 493 208 555 ἐπὶ
229 497 285 555 τῶν
309 493 337 554 ἐν
369 490 493 576 ἀφθονίᾳ
518 494 575 552 τῶν
603 489 770 573 ἐπιτηδείων
797 487 896 552 ὄντων.
938 486 1042 571 ’Ἄλλη
1069 489 1103 552 δὲ
1124 489 1266 571 παροιμία

161 601 243 687 ppei:
273 601 306 664 οὐ
330 600 384 684 γὰρ
408 597 545 662 αίκίνθαιι
576 598 654 662 ἔοικε
681 598 714 660 δὲ
736 597 958 681 ὑπομιμνήσκειν
981 601 1031 679 τὴν
1054 598 1188 680 τοδβίου
1213 621 1264 678 με·

161 710 296 795 ταβολὴν,
320 708 421 792 ἀγρίου
443 709 488 770 καὶ
511 708 699 774 ἀκανθώδους
722 705 860 790 πρότερον
883 705 977 781 ὄντος,
1007 707 1069 788 πρὶν
1096 704 1265 787 ἐπιμέλειαν

161 824 214 901 τῆς
235 824 288 900 γῆς
314 816 361 879 καὶ
383 820 440 879 τῶν
464 818 634 899 σπερμάτων
656 816 800 897 γενέσθαι.
824 815 892 878 ὅθεν
915 815 972 876 ἀπὸ
995 820 1046 898 τῆς
1069 814 1188 898 ὕστερον
1205 814 1265 876 ἐπι·

85 915 93 930 ’
162 927 280 1012 μελείας
302 927 425 1010 ῥηθῆναι
444 925 476 987 τδ
493 923 690 1006 ἀληλεσμένος
706 925 774 1009 βίος.
812 925 953 989 Similem
968 926 1267 1008 interpretationem

162 1038 297 1121 praebet
318 1037 467 1098 Erasmus
494 1057 524 1118 p.
547 1033 609 1096 476
634 1032 686 1113 ,οὐ
719 1032 774 1116 γὰρ
803 1033 938 1096 ἀκανθαιι
972 1035 992 1098 i.
1024 1054 1050 1097 e,
1084 1055 1147 1098 non
1179 1034 1267 1098 enim

163 1146 283 1230 spinae.
340 1144 387 1209 De
421 1142 602 1206 conditione
642 1143 808 1206 dicebatur
842 1144 874 1205 in
912 1143 1025 1206 melius
1062 1151 1265 1206 commutata.

164 1253 299 1337 Sumpta
321 1252 507 1335 metaphora
529 1274 547 1314 a
568 1252 750 1333 novalibus,
773 1271 854 1334 quae
876 1253 1056 1335 repurgatis
1080 1252 1180 1334 spinis
1203 1251 1267 1314 fru-

163 1362 288 1446 giferae
309 1361 466 1444 incipiunt
500 1378 578 1422 esse.
624 1359 725 1424 Recte
758 1360 929 1442 quadrabit
957 1360 996 1424 de
1022 1361 1150 1442 negotio
1175 1361 1266 1443 prius

162 1469 350 1554 infrugifero
375 1488 412 1532 ao
435 1469 577 1547 molest0,
602 1469 684 1546 unde
706 1475 820 1553 postea
842 1469 968 1552 eapitur
990 1469 1264 1533 emolumentum.“

262 1580 292 1642 A
325 1576 541 1659 navigando
576 1577 740 1661 profectae
763 1586 835 1641 suut
856 1579 916 1641 hae
938 1578 1114 1642 locutiones
1148 1579 1266 1639 πάντα

162 1688 277 1750 κοίλων
301 1684 431 1754 ἐξιέναι
453 1695 485 1750 et
506 1685 771 1768 μετακυλίνδειν
804 1686 891 1768 πρὸς
925 1690 981 1747 τδν
1005 1684 1043 1749 εὖ
1065 1688 1266 1768 πράττοντα

162 1800 267 1879 τοῖχον,
294 1817 424 1878 quarum
448 1795 536 1858 illam
555 1796 587 1857 in
611 1815 681 1876 equ.
698 1793 767 1874 756,
789 1795 870 1858 hano
893 1796 925 1858 in
948 1816 1014 1858 ran.
1029 1795 1100 1859 537.
1116 1796 1263 1878 legimus.

164 1903 247 1981 Quid
269 1904 326 1967 illa
347 1904 466 1968 locutio
490 1903 656 1986 significet,
680 1910 823 1987 apertum
845 1913 906 1986 est;
931 1905 1096 1969 dicebatur
1117 1908 1199 1968 onim
1223 1906 1265 1970 de

163 2015 226 2096 eie,
262 2013 315 2096 qui
339 2013 466 2076 summis
488 2014 610 2075 viribus
632 2013 787 2076 laborant.
831 2013 947 2078 Forma
973 2014 1143 2078 locutionis
1170 2015 1266 2079 varia

164 2131 245 2203 ενοι,
262 2122 382 2186 locutio
398 2122 514 2188 κοίλοις
530 2119 628 2189 ἐξιέναι
643 2122 775 2205 propria
792 2123 823 2185 vi
837 2123 955 2204 iegitur
969 2123 1000 2185 in
1014 2123 1087 2186 Eur.
1101 2124 1196 2186 Troa.
1213 2121 1265 2206 94,

163 2231 318 2295 translata
349 2232 382 2294 in
403 2231 477 2292 Eur.
501 2230 585 2293 Med.
608 2229 678 2293 278.
722 2231 1009 2319 Paroemiographi
1041 2240 1145 2296 autem
1180 2232 1265 2296 alias

163 2340 281 2405 formas
303 2340 511 2419 tradiderunt,
533 2339 631 2402 veluti
653 2339 786 2422 legimus
809 2361 860 2424 ap.
878 2341 916 2404 G.
933 2340 968 2405 O.
984 2341 1020 2404 L.
1036 2340 1094 2420 ΙΙΙ,
1108 2339 1142 2402 4:
1166 2341 1265 2403 πάντα

163 2450 261 2511 κοίλων
285 2444 401 2531 ἐφέντες
422 2447 441 2530 ἢ
464 2448 616 2518 σείσαντες.
641 2468 691 2532 ap.
714 2451 827 2531 Apost.
848 2449 939 2530 XIII⁷
961 2448 1016 2513 88:
1042 2450 1136 2510 πάντα
1160 2451 1267 2530 ικοίλων

163 2557 257 2621 σείειν.
281 2578 332 2640 ap.
355 2556 394 2621 G.
412 2556 446 2620 O.
464 2557 506 2620 M.
523 2556 562 2637 ΙΙ,
579 2554 617 2616 27
640 2555 733 2617 ποίντοι
756 2558 857 2618 κοίλων
880 2561 971 2633 κινεῖς,
994 2559 1048 2640 qui
1063 2558 1174 2622 eodem
1190 2558 1267 2623 loeo

164 2666 283 2731 similes
305 2665 484 2729 locutiones
499 2664 596 2744 addit,
620 2685 701 2748 qnae
716 2653 789 2729 suni
810 2667 947 2728 ἀντλεῖν
971 2665 1183 2750 ἀμφοτέραις
1204 2666 1266 2750 (so.

162 2773 289 2861 χερσίν)·
324 2773 370 2834 ἐπὶ
391 2777 447 2835 τῶν
470 2775 586 2854 σπουδῇ
607 2797 632 2834 τι
651 2774 809 2836 ποιούντων
833 2783 864 2839 et
897 2775 951 2837 καὶ
978 2775 1072 2859 χειρὶ
1094 2775 1149 2836 καὶ
1182 2776 1269 2838 ποδὶ

163 2885 319 2967 βοηθεῖν,
354 2881 393 2946 oi.
417 2882 501 2947 Mae.
525 2882 564 2963 V,
587 2881 615 2942 7).
660 2883 810 2960 Quamvis
843 2883 943 2948 forma
965 2887 1056 2948 varia
1078 2887 1131 2966 sit,
1158 2893 1270 2951 tamen

167 3014 276 3058 omnes
291 2993 468 3056 locutiones
490 2992 573 3055 idem
589 2993 779 3074 significare,
802 3013 893 3056 nemo
909 3001 966 3072 ost,
987 2995 1123 3076 quinon
1144 2994 1269 3061 videat.

265 3102 376 3166 Altera
397 3123 416 3164 a
437 3100 618 3183 navigando
642 3101 742 3183 petita
763 3102 882 3165 locutio
906 3102 1023 3184 legitur
1048 3104 1078 3166 in
1101 3125 1168 3165 ran.
1192 3103 1269 3188 537,

165 3217 200 3275 ut
216 3211 285 3293 jam
309 3231 406 3295 supra
437 3211 518 3293 dixi3
550 3211 605 3274 ubi
638 3232 707 3273 oum
732 3212 877 3275 Bacchus
911 3231 1079 3293 personam
1100 3213 1269 3279 Xanthiae

164 3319 262 3399 servi,
297 3340 390 3402 quam
423 3326 515 3382 antea
543 3327 626 3383 metu
650 3329 824 3384 commotus
858 3320 1019 3400 induerat,
1053 3322 1268 3405 deposuisset,

164 3429 278 3493 ohorus
299 3428 379 3493 haee
402 3427 496 3491 dicit:

463 3538 555 3598 ταῦτα
578 3535 628 3616 μὲν
654 3536 726 3619 πρὸς
749 3536 851 3620 ἀνδρός
872 3538 931 3599 ἐστι

462 3646 526 3704 νοῦν
549 3641 669 3728 ἔχοντος
691 3645 737 3706 καὶ
759 3644 864 3728 φρένας
887 3652 933 3707 καὶ

463 3750 562 3815 πολλὰ
585 3752 849 3832 περιπεπλευκότος

463 3863 677 3941 μετακυλίνδειν
700 3864 785 3925 αὑτὸν
808 3864 853 3926 ἀεὶ

462 3970 534 4054 πρὸς
556 3970 605 4033 τδν
628 3968 661 4034 εὖ
683 3973 846 4053 προίττοντα
866 3975 964 4056 τοῖχον

465 4082 576 4162 μᾶλλον
599 4079 618 4162 ἤ
640 4080 840 4164 γεγραμμένην

466 4186 551 4250 εἰκόν’
574 4188 695 4272 ἑστάναι,
717 4188 835 4274 λαβόνθ’
858 4188 887 4250 ἕν

464 4301 575 4382 σκῆμα·

266 4404 462 4473 Scholiastes
485 4407 553 4470 eod.
578 4407 609 4469 V
632 4406 825 4472 locutionem
840 4408 889 4471 his
903 4409 1009 4471 verbis
1027 4408 1179 4491 explicat:
1215 4412 1270 4499 τὴν
