2782 5032
140 125 169 181 ut
179 115 275 198 volgo
286 115 438 196 dicerent,
461 135 531 180 eum
544 114 598 196 qui
614 114 647 177 id
671 114 812 193 adiisset,
836 114 1030 196 aliquamdiu
1042 114 1148 179 ridere
1170 134 1233 179 non

140 245 249 311 posse3
271 224 309 288 cf.
333 225 448 289 Athen.
474 222 585 306 14‚614
606 226 645 287 A.
669 230 703 287 et
723 224 841 288 Zenob.
865 221 944 303 3,61,
974 223 1043 286 ubi:
1077 223 1148 308 φασὶ
1178 224 1232 307 γὰρ

140 332 207 401 τοὺς
241 331 278 400 εἰς
313 329 481 418 Τροφωνίου
527 331 746 417 καταβαίνοντας
788 330 972 416 ἀφαιρεῖσθαι
1013 332 1064 396 τὸν
1106 332 1232 415 γέλωτα.

140 441 337 527 Quapropter
355 443 453 525 vulgo
476 443 505 508 ei
528 442 583 524 qui
605 440 711 506 severi
732 441 904 524 tristesque
926 448 1046 522 essent,
1070 441 1234 505 oraculum

142 551 313 635 Trophonii
335 551 455 616 adiisse
477 551 676 619 dicebantur.
710 551 777 631 dia,
812 571 895 632 quae
916 550 1013 632 vulgo
1042 551 1082 615 de
1109 550 1234 632 origine

143 660 258 724 oraculi
273 663 471 744 putabantur,
493 660 639 744 pluribus
655 660 763 725 verbis
779 667 910 723 narrata
932 659 1031 741 legas,
1055 660 1081 722 si
1096 660 1232 743 placeat,

144 769 170 831 in
192 769 288 833 schol
304 770 401 834 Arist.
418 769 447 832 h.
471 770 493 834 l.
516 778 550 834 et
571 769 604 832 in
619 771 704 852 App.
720 766 799 848 3,68.
837 768 907 845 Qua
927 768 1090 833 locutione
1105 763 1232 852 poetam

147 896 230 941 usum
249 899 317 943 esso
339 879 378 942 ad
401 878 566 943 Socratem
589 878 761 960 sociosque
784 877 853 961 ejus
876 877 1066 957 irridendos
1088 884 1233 962 apparet.

238 986 372 1052 Difficile
394 994 449 1052 est·
465 988 562 1068 dictu,
586 986 745 1070 quomodo
767 1007 819 1052 res
843 1007 878 1052 se
899 986 1017 1050 habeat
1039 987 1070 1050 in
1089 987 1233 1051 versibus

151 1093 218 1176 hys.
236 1093 410 1160 usa-301:
479 1138 481 1143 -

332 1245 376 1310 tut
400 1244 444 1310 tot
467 1248 518 1309 uod
540 1247 648 1308 adamo

331 1358 372 1424 ὡς
394 1357 494 1438 δεινὸν,
517 1354 592 1423 ὦναξ
612 1350 777 1435 Ἡράκλεις,

332 1462 493 1547 αροςπεσὸν
517 1464 544 1547 μ’
568 1463 601 1526 ἐκ
622 1466 674 1544 τῆς
696 1461 806 1546 χύτρας

300 1559 317 1631 s
332 1574 431 1657 ὥσπερ
453 1574 530 1635 κύων
554 1574 698 1635 λυττοῦσα
719 1571 894 1655 τώφθαλμὼ
917 1571 1015 1634 δάκνει

331 1679 430 1745 κᾶστιν
449 1705 483 1764 γε
504 1682 656 1765 Λήμνιον
678 1680 717 1743 τὸ
740 1682 804 1763 πῦρ

332 1795 416 1854 τοῦτο
439 1792 519 1874 πάσῃ
542 1793 676 1875 μηχανή·

332 1899 365 1961 οὔ
387 1901 443 1983 γάρ
466 1897 501 1962 ἄν
524 1899 591 1961 ποθ’
614 1897 667 1960 ὧδ’
690 1896 761 1967 ὀδὰξ
783 1893 889 1981 ἔβρυκε
910 1896 962 1966 τὰς
984 1898 1100 1980 λήμας
1122 1896 1204 1981 ἐμοῦ.

240 2071 289 2138 Sic
311 2078 415 2158 questi
436 2083 509 2141 sunt
531 2077 644 2158 mariti,
668 2078 722 2160 qui
744 2075 894 2141 ardentes
917 2077 1073 2140 carbones
1096 2083 1234 2159 portant,

160 2178 186 2235 ut
202 2182 344 2265 mulieres,
367 2206 451 2269 quae
472 2187 506 2250 in
528 2206 604 2251 arce
626 2206 660 2252 se
681 2187 887 2264 muniverant,
911 2185 1105 2249 comburant.
1127 2194 1129 2198 ’
1152 2184 1236 2262 Quid

160 2285 376 2376 certaminum
403 2293 437 2358 τὸ
471 2297 528 2378 πῦρ
551 2294 759 2378 significent,
782 2294 997 2378 quaerendum
1030 2301 1088 2358 est.
1133 2293 1236 2359 Recte

109 2484 112 2497 Ι
160 2389 323 2467 scholiastes
346 2403 510 2468 codicisR
532 2405 706 2486 annotavit,
728 2405 862 2489 primum
886 2402 918 2465 in
942 2410 1100 2467 concentu
1121 2421 1257 2468 vocum

160 2493 257 2584 Λήμνιον
279 2520 309 2577 et
331 2513 427 2596 λήμας
444 2513 555 2599 jocum
578 2514 744 2595 contineri,
767 2511 845 2596 παρὰ
867 2510 919 2580 τὰς
942 2513 1040 2595 λήμας
1061 2510 1094 2574 τὸ
1111 2511 1236 2595 Λήμνιον

109 2604 113 2643 ’“
160 2605 280 2703 πέπαιχεν.
324 2623 404 2687 Tum
431 2622 621 2687 scholiastes
649 2623 720 2687 eod.
744 2623 775 2686 V
809 2621 901 2702 dicit,
935 2621 1008 2684 istis
1042 2622 1150 2686 serbis
1183 2627 1237 2685 aut

161 2715 307 2800 significari
321 2732 527 2817 proverbium
548 2731 699 2816 Λήμνιον
722 2729 844 2813 κακόν,
868 2736 924 2794 aut
945 2731 1051 2814 ignem
1073 2731 1238 2795 vehemen-

146 2824 292 2920 tissiraam,
315 2861 386 2905 cunr
407 2841 440 2904 iu
455 2824 574 2906 Lemno
594 2841 699 2904 insula
721 2840 851 2905 officina
868 2839 1009 2903 Vulcani
1024 2839 1235 2904 existimetur.

160 2929 229 3008 Duae
248 2969 301 3035 res
324 2951 423 3042 igitur·
457 2957 546 3031 sunt,
578 2971 661 3033 quoe
683 2951 732 3014 his
763 2949 870 3015 verbis
899 2947 1076 3037 significari
1099 2928 1236 3033 possunt

109 3066 112 3167 ξ
161 3055 303 3123 erundum
339 3060 547 3141 scholiastas3
593 3079 675 3143 quae
711 3065 848 3142 utraque
886 3059 1096 3141 comprobata
1132 3064 1183 3121 est
1220 3077 1238 3120 o

109 3170 111 3205 ³
160 3148 286 3242 Berglero
309 3175 341 3233 et
363 3191 382 3233 a
404 3171 594 3234 Burmanno.
640 3168 760 3233 Contra
782 3167 930 3250 Engerus
952 3173 1056 3249 negat,
1079 3167 1141 3231 hoc
1164 3167 1236 3231 loco

161 3257 191 3326 lt
207 3279 367 3352 proverbio
384 3278 692 3363 cogitandumesse3
716 3277 888 3342 tenendum
903 3278 986 3341 euim
1003 3276 1122 3341 esseio
1144 3276 1239 3341 inter·

109 3418 111 3427 ·
160 3384 320 3470 erectione,
341 3380 405 3454 non
426 3389 526 3453 licere
548 3398 664 3472 poetae
680 3386 788 3470 plures
811 3406 872 3451 uno
896 3385 1055 3452 vocabulo
1070 3406 1123 3450 res
1147 3387 1239 3451 attin·

161 3496 229 3572 tire,
258 3517 317 3579 quo
340 3498 442 3563 omnis
464 3498 644 3563 sententiae
666 3497 715 3560 vis
737 3494 878 3560 tollatur.
923 3494 1007 3572 Quid
1029 3496 1236 3579 proverbium

109 3586 112 3641 Ῑ
161 3589 299 3689 lanifica,
323 3609 409 3692 quod
430 3609 492 3673 hoo
513 3608 587 3673 loco
610 3613 739 3690 poetam
755 3605 902 3688 attigisse
924 3604 973 3668 illi
988 3605 1051 3668 viri
1073 3605 1162 3669 docti
1184 3625 1237 3690 pu-

109 3744 113 3779 :
160 3700 222 3790 tunt,
244 3714 431 3801 intelligitur
453 3738 493 3783 ex
515 3716 636 3782 Zenob.
655 3716 713 3798 IV,
737 3714 788 3778 91.
820 3714 915 3796 Diog.
939 3714 995 3796 VI,
1018 3712 1047 3778 2.
1071 3713 1109 3778 G.
1134 3713 1170 3778 O.
1192 3712 1237 3776 Μ.

160 3801 204 3894 IV,
214 3817 253 3904 13,
263 3827 331 3894 ubi:
355 3824 415 3890 ἀπὸ
438 3830 495 3889 τῶν
517 3825 547 3889 ἐν
569 3827 679 3909 Λήμνῳ
697 3827 849 3907 γυναικῶν,
873 3821 902 3885 αἳ
923 3821 992 3892 τοὺς
1013 3821 1120 3906 ἄνδρας
1142 3820 1237 3885 αὐτῶν

160 3910 302 4002 ἂνἔντονον.
357 3936 455 4001 Plura
487 3937 600 4002 videas
633 3956 683 4019 ap.
718 3937 832 4019 Apost.
860 3932 901 4013 X,
924 3930 974 3997 65.
1027 3931 1237 3996 Proverbium

160 4043 381 4112 comemorans
401 4045 556 4112 Herodot
580 4045 608 4130 6,
633 4042 693 4108 138
713 4050 747 4109 et
765 4042 882 4107 Aeseh.
899 4041 1041 4129 Ohoeph.
1062 4039 1137 4106 595.
1167 4040 1237 4105 Nec
