2782 5032
655 311 697 373 83

154 507 255 588 Quodsi
277 513 465 578 scholiastes
487 514 598 595 refert,
634 515 767 580 formam
797 515 969 580 locutionis
1001 516 1084 581 hanc
1117 516 1228 583 fuisse:

154 618 185 687 εἰς
211 621 257 705 τὴν
278 622 370 705 πυγὴν
393 619 558 706 ἐξεῤῥόηκεν
585 625 604 707 ἡ
627 623 724 708 σοφία,
758 643 840 707 quae
872 625 905 687 in
932 627 1014 709 App.
1042 626 1089 707 II,
1110 624 1150 687 32
1183 628 1230 693 sio

153 730 325 814 explicatur:
348 729 394 793 ἐπὶ
416 735 473 794 τῶν
495 732 585 815 μηδὲν
599 731 727 816 χρηστὸν
743 731 888 814 λεγόντων
904 730 925 815 ἤ
939 733 1129 816 φρονούντων,
1153 737 1230 801 mihi

154 838 263 922 quidem
284 860 336 904 res
358 841 452 905 aliter
474 862 509 906 se
530 842 648 908 hahere
670 842 808 925 videtum
842 861 912 906 mea
934 843 1085 926 opinione
1102 845 1230 928 locutio,

151 968 219 1030 quae
237 949 268 1012 in
289 956 403 1033 poetae
419 951 525 1015 verbis
541 952 721 1016 continetur
742 972 807 1016 non
823 952 923 1015 minus
940 954 1102 1035 proverbii
1124 954 1229 1019 locum

150 1057 275 1140 obtinuit
298 1079 391 1142 quam
414 1078 460 1139 ca,
483 1080 577 1143 quam
598 1061 630 1123 in
653 1061 784 1126 scholiis
806 1061 948 1144 legimus.
991 1061 1060 1126 Nos
1083 1063 1229 1129 similiter

149 1165 265 1232 dicimos
287 1167 364 1249 „das
386 1167 471 1232 Hera
494 1168 526 1230 in
549 1168 611 1233 den
633 1169 743 1235 Hosen
765 1170 898 1235 hahen.“

233 1277 342 1342 Altera
374 1276 414 1342 de
448 1276 567 1341 timidis
597 1279 776 1343 hominihus
810 1278 897 1343 dicta
928 1280 1047 1343 locutio
1081 1286 1130 1345 est
1165 1281 1228 1363 τὴν

148 1380 241 1446 αὑτοῦ
264 1387 364 1449 σκιάν
387 1385 565 1469 δέδοικεν,
599 1406 691 1469 quam
719 1387 966 1471 Aristophanem
986 1389 1018 1451 in
1041 1389 1228 1472 Babyloniis

149 1509 311 1577 usurpasse,
339 1495 528 1560 scholiastes
551 1495 632 1560 Plau.
656 1493 715 1557 381
741 1495 803 1578 (ed.
827 1497 940 1578 Behh.)
976 1498 1146 1563 memoriae
1167 1519 1226 1583 pro

149 1596 226 1667 didit.
256 1603 336 1682 Quid
351 1605 469 1670 locutio
486 1604 548 1669 sibi
564 1604 651 1688 velit,
668 1613 810 1689 apertum
831 1613 889 1670 est.
924 1605 963 1670 cf.
977 1608 1002 1669 A
1008 1614 1090 1690 post.
1106 1604 1226 1688 laces.

149 1705 180 1769 (l.
200 1710 232 1775 0.
253 1713 287 1779 L.
309 1714 366 1794 ΙΙΙ,
392 1711 438 1777 18.
484 1711 520 1790 Q.
548 1713 663 1778 Cicero
687 1714 726 1778 dc
749 1722 814 1798 pet.
837 1714 956 1779 consul.
978 1713 1043 1794 2,9:
1067 1716 1223 1780 Antonius

149 1819 271 1886 umbram
293 1843 379 1887 suam
402 1823 521 1888 metuit.
546 1821 586 1887 cf.
608 1823 729 1887 Erasm.
753 1844 784 1906 p.
810 1822 878 1887 145.

233 1932 370 1998 Tertiam
392 1933 485 2015 hujus
500 1933 628 2016 generis
643 1932 835 1998 locutionem
857 1933 887 1996 in
905 1951 993 2015 vesp.
1009 1930 1069 1994 643
1084 1933 1226 2016 legimus,

148 2034 192 2098 ubi
211 2039 391 2107 Philocleon
413 2041 620 2125 Bdelycleoni
642 2041 757 2105 malum
779 2041 949 2122 minitatur,
972 2041 1098 2106 dicens:
1121 2040 1140 2125 ἦ
1171 2043 1227 2126 μὴν

148 2137 196 2222 ἐγώ
216 2171 245 2211 σε
264 2152 386 2235 τήμερον
409 2149 516 2233 σκύτη
545 2149 693 2234 βλέπειν
714 2150 841 2232 ποιήσω,
876 2151 930 2213 noi
952 2150 1057 2215 schol:
1089 2149 1136 2212 ἐπὶ
1167 2153 1227 2213 τῶν

147 2247 308 2322 tauream.
342 2261 482 2325 Eandem
498 2259 631 2343 Eupolis
649 2261 823 2342 usurpavit,
847 2259 887 2323 cl.
900 2259 1038 2323 Meinek.
1053 2259 1094 2341 Il,
1107 2280 1137 2341 p.
1149 2259 1225 2323 541:

146 2354 259 2446 ἅϊῒχνῶς
280 2368 330 2452 μὲν
353 2367 457 2431 οὖντὸ
480 2367 645 2451 λεγόμενον,
669 2367 759 2450 σκύτη
782 2367 893 2452 βλέπει.
925 2367 965 2432 cs.
982 2368 1065 2433 Mac.
1081 2369 1153 2450 Vll,
1177 2367 1226 2433 70.

147 2463 248 2540 Zenob.
276 2479 337 2561 Vl,
375 2477 404 2540 2.
448 2478 566 2560 Attigit
598 2479 679 2541 hanc
711 2477 903 2541 locutionem
930 2477 1162 2571 Aristophanes
1195 2479 1227 2542 in

146 2592 204 2654 lit·
230 2583 300 2666 669,
336 2587 390 2650 uhi
423 2587 590 2668 Trygaeus
624 2594 755 2669 rogatus
789 2608 807 2649 a
840 2586 1015 2666 Mercurio,
1049 2587 1226 2668 imperante

148 2679 220 2756 Pace
241 2695 312 2780 dea,
342 2717 398 2761 cur
419 2717 531 2781 pacem
554 2717 616 2761 non
638 2695 785 2759 iniissent
806 2695 1027 2776 Athenienses,
1050 2715 1131 2776 quac
1152 2702 1227 2780 post

146 2787 243 2875 Pylum
264 2813 477 2890 expugnatam
499 2805 609 2869 oblata
631 2811 723 2885 esset,
747 2805 825 2870 haec
848 2803 1027 2888 respondit:
1051 2803 1149 2872 ὁνοῦς
1170 2803 1225 2888 γὰρ

145 2896 217 2981 ἡμῶν
236 2911 269 2998 ἦν
291 2913 349 2976 τότ’
371 2914 400 2976 ἐν
423 2917 495 2980 τοῖς
518 2912 675 2995 σκύτεσι,
703 2933 785 2996 quae
808 2914 906 2977 verba
928 2912 1116 2977 scholiastes
1139 2922 1227 2978 recte

145 3007 184 3074 ⁸50
213 3024 362 3107 explicat:
397 3021 458 3085 duri
492 3027 542 3086 τοῦ
576 3022 605 3085 ἐν
639 3021 724 3108 φόβῳ
757 3024 807 3083 τοῦ
830 3017 976 3088 Κλέωνος.
1021 3023 1141 3086 Jocose
1163 3043 1227 3086 vox

145 3115 235 3196 exiro,
255 3133 342 3198 dicta
364 3142 421 3215 est,
444 3133 529 3216 quod
546 3132 645 3199 Cleon
661 3133 694 3196 in
708 3132 768 3195 hac
788 3129 954 3194 comoedia
970 3149 1141 3215 personam
1156 3131 1226 3214 ejus

143 3234 254 3322 agebat,
277 3243 330 3325 qui
353 3242 478 3306 Graece
501 3242 695 3328 βυρσοπώλης
718 3249 861 3304 vocatur.

231 3347 318 3434 Pigri
332 3352 475 3416 homines
491 3351 599 3416 dicere
614 3351 773 3414 solebant:
795 3348 827 3411 ri
841 3347 905 3431 γὰρ
923 3347 1039 3428 aridum
1063 3346 1226 3408 σκάπτειν

89 3442 92 3511 l
141 3440 196 3530 “sip
217 3457 276 3521 οὐκ
297 3460 506 3542 ἐπίσταμαι,
531 3461 645 3549 quibus
667 3459 775 3523 verbis
799 3458 996 3542 sycophanta
1018 3457 1049 3519 in
1073 3476 1120 3519 av.
1147 3452 1226 3516 1432

89 3580 91 3639 ἕ
141 3550 327 3645 villlperatus
360 3591 380 3632 a
410 3569 632 3649 Peithetaero,
665 3567 765 3649 quod,
798 3567 942 3648 quamvis
976 3564 1163 3628 adulescens
1196 3569 1229 3628 et

89 3688 91 3695 '
141 3675 266 3751 e⁰rpore
287 3699 364 3743 sano
387 3685 480 3758 esset,
502 3690 606 3741 tanuen
629 3676 706 3739 nihil
729 3675 816 3740 aliud
840 3680 965 3756 ageret,
999 3674 1061 3737 nisi
1083 3680 1118 3736 ut
1141 3692 1230 3756 syco-

89 3778 91 3811 ³
142 3768 348 3867 plantaretur,
382 3788 542 3873 pigritiam
572 3792 604 3850 et
633 3785 800 3850 scelestam
831 3784 929 3847 vitam
958 3803 1046 3846 suam
1074 3801 1229 3847 excusare

89 3966 91 3985 Ι
141 3883 246 3958 studet,
270 3896 308 3961 cf.
333 3918 420 3982 vesp.
443 3894 513 3959 959.
529 3893 600 3960 989.
621 3896 697 3959 Luc.
715 3895 848 3958 Icarom.
872 3898 901 3956 3.
924 3911 1037 3973 evang.
1054 3891 1131 3956 Luc.
1146 3889 1228 3973 16‚3:

89 4016 91 4063 :
141 3981 210 4060 ‘litt
225 4004 256 4067 δὲ
267 4007 360 4090 αὐτῷ·
379 4007 407 4067 τί
419 4007 546 4087 moriem
562 4007 695 4068 σκάπτειν
710 4003 766 4087 γὰρ
780 4003 833 4064 οὐκ
848 4001 1008 4082 ἐπίσταμαι.
1032 4001 1229 4067 scholiastes

140 4097 176 4162 id
197 4129 244 4177 av.
265 4114 344 4177 1432
365 4116 476 4194 relert,
499 4116 702 4198 proverbium
726 4118 868 4176 nostrum
891 4109 987 4174 simili
1017 4112 1141 4175 ratione
1169 4110 1228 4175 lor·

140 4221 245 4285 matum
268 4245 338 4289 esse
353 4233 447 4307 atquc
469 4223 510 4304 id,
534 4226 618 4305 quod
638 4225 680 4287 sit
701 4222 774 4304 πεζὴ
795 4221 920 4306 βαδίζον·
942 4220 1079 4282 σκάπτειν
1095 4218 1148 4282 οὐκ
1170 4218 1227 4280 ἐπί-

140 4334 252 4415 οῖνῑνιοιι,
287 4355 368 4417 quae
402 4334 500 4397 verba
523 4340 674 4417 corrupta
696 4331 859 4396 Bentleius
882 4335 970 4393 recte
992 4328 1175 4394 emendavit
1197 4328 1229 4390 in

140 4437 206 4523 liii)
227 4441 349 4527 βαδίζον·
372 4447 443 4506 νεῖν
465 4440 521 4525 γὰρ
541 4442 596 4508 οὐκ
618 4442 776 4524 ἐπίσταμαι.
813 4440 895 4504 Nam
909 4439 1007 4503 verba
1022 4438 1096 4520 πεζή
1120 4436 1228 4520 politior

1078 4553 1120 4607 6*
