2782 5032
676 305 719 368 h4

145 517 290 599 ignotum
323 519 386 590 est,
421 511 474 593 qui
504 511 620 575 leviter
646 514 766 574 tantum
788 509 904 574 notitia
924 506 1225 587 historiaeGraccac

146 625 284 688 imbutus
307 621 357 684 sit.
402 620 578 684 Dicebatur
606 619 727 683 locutio
750 616 790 680 de
812 619 873 698 cis,
906 637 1038 700 quorum
1060 636 1112 681 res
1132 617 1161 680 in
1175 635 1227 682 nc

145 734 258 797 liorem
282 728 497 794 conditionem
518 728 749 811 pervenissent.
794 726 1034 792 admonendum
1058 731 1121 806 est,
1150 746 1228 808 quam

148 841 296 906 celeriter
317 839 437 903 locutio
460 837 632 920 proverbio
648 837 873 918 increbruerit;
895 856 955 902 nec
966 844 1070 900 tamen
1084 841 1139 916 cst,
1159 833 1229 917 quod

148 950 315 1033 quisquam
338 946 468 1026 dubitet,
493 946 568 1027 quin
589 946 804 1029 proverbialis
826 947 876 1024 sit,
903 945 976 1028 quia
1000 945 1185 1008 scholiastae
1202 949 1230 1006 ct

147 1055 425 1144 paroemiographi
438 1073 508 1118 cam
519 1054 553 1116 in
564 1074 693 1118 numero
710 1055 950 1138 proverbiorum
965 1058 1144 1138 posuerunt.
1167 1049 1230 1116 sec

147 1168 182 1231 id
195 1165 333 1230 dubitari
345 1170 460 1248 potest,
483 1169 587 1226 utrum
601 1164 722 1229 locutio
731 1164 799 1247 jam
811 1162 1037 1245 Aristophanis
1054 1160 1230 1244 temporibus
1243 1227 1245 1231 ,

147 1272 360 1360 proverbialis
372 1272 467 1337 fuerit
479 1292 518 1335 an
531 1294 550 1334 a
562 1279 660 1356 poeta
672 1273 807 1336 formata
820 1271 1032 1336 excomoedia
1042 1271 1075 1332 in
1087 1266 1231 1353 proverbii

149 1405 239 1449 usum
268 1382 395 1447 abierit.
453 1379 541 1457 Quae
574 1402 629 1447 res
653 1382 851 1456 ‚difficillima
883 1386 932 1444 cst
963 1379 1004 1443 ad
1034 1376 1231 1459 judicandum.

249 1490 352 1557 Simili
375 1490 500 1554 ratione
523 1511 575 1557 res
597 1511 631 1555 se
653 1493 750 1555 habet
772 1491 806 1553 in
826 1492 898 1553 nub.
924 1487 991 1569 186,
1014 1489 1069 1551 ubi
1091 1485 1232 1568 Strepsia·

149 1602 207 1667 des
229 1600 440 1664 admiratione
463 1607 596 1683 stupens
630 1621 700 1664 cum
730 1599 873 1664 Socratis
906 1597 1081 1681 discipulos
1113 1594 1231 1670 videret

149 1730 281 1792 quorum
304 1706 403 1773 facies
427 1709 558 1773 sordida
581 1709 835 1791 miserabilisque
856 1713 940 1788 erat,
972 1714 1005 1770 ct
1026 1707 1232 1786 interrogatus,

150 1839 207 1882 cur
241 1822 384 1902 stuperet
418 1815 459 1898 (τί
481 1817 662 1900 ἐθαύμασας;
686 1823 728 1900 τῷ
751 1839 796 1878 σοι
818 1818 948 1878 δοκοῦσιν
970 1813 1087 1896 εἰκέναι)
1101 1814 1172 1877 haec
1190 1826 1233 1872 re·

151 1927 293 2010 spondit:
340 1928 419 1993 τοῖς
456 1926 494 1989 ἐκ
531 1926 648 1991 [lelio
686 1926 868 2009 ληφθεῖσι,
917 1926 988 1991 τοῖς
1024 1921 1231 1985 Λακωνικοῖς.

149 2036 238 2114 Quae
260 2036 381 2126 locutio
407 2037 475 2101 sive
490 2038 557 2119 jam
581 2035 793 2120 proverbialis
815 2055 835 2095 a
867 2040 963 2116 poeta
996 2039 1144 2117 usurpata
1171 2029 1232 2092 sivo

149 2146 273 2210 demum
298 2145 435 2209 formata
458 2151 519 2225 est,
554 2145 689 2228 posthac
713 2144 838 2227 quidem
859 2143 1021 2227 proverbii
1044 2143 1144 2206 locum
1164 2133 1231 2202 obti-

149 2254 257 2318 nuisse
276 2253 412 2333 videtur,
437 2253 476 2318 de
498 2255 545 2318 eis
568 2254 665 2333 dicta,
689 2273 820 2334 quornm
844 2253 969 2336 species
992 2250 1120 2317 sordida
1140 2255 1168 2312 ct
1184 2241 1230 2308 mi·

154 2362 302 2427 serabilis
325 2368 418 2442 esset,
442 2369 476 2424 ut
496 2362 630 2443 legimus
652 2363 684 2424 in
707 2365 790 2445 App.
813 2362 853 2443 Il,
878 2361 931 2424 74:
966 2359 1100 2444 παροιμία
1121 2355 1229 2418 ἐπὶτῶν

153 2470 329 2555 ὠχριώντων
353 2469 399 2533 καὶ
420 2469 536 2554 ἰσχνῶν.
581 2470 787 2563 Locutionem
810 2491 849 2534 ex
871 2460 1229 2534 cladeliacedaemonic·

152 2601 219 2644 rum
243 2580 328 2664 apud
350 2580 462 2663 Pylum
485 2588 621 2663 accepta
641 2587 748 2643 natam
770 2599 848 2661 esse,
871 2586 1014 2662 apparet.

254 2689 372 2754 Notum
395 2696 445 2753 cst
467 2688 666 2772 praeclarum
697 2689 776 2752 illud
800 2689 950 2767 Periclis,
985 2689 1038 2770 qui
1061 2707 1128 2751 cum
1146 2684 1229 2747 cace-

152 2796 388 2862 ‹laemoniorum
414 2798 525 2862 ducem
555 2799 664 2863 decem
698 2799 826 2861 talentis
860 2797 1079 2881 corripuisset,
1112 2802 1145 2858 ut
1170 2781 1231 2853 urbi

153 2904 395 2969 Atheniensium
414 2917 570 2990 parceret,
592 2908 624 2970 in
647 2907 771 2970 ratione
786 2905 948 2969 reddenda
964 2905 1090 2986 celavit,
1111 2893 1231 2987 quemiss

63 3036 66 3043 ·
152 3033 242 3076 usum
264 3034 302 3078 ea
323 3017 581 3098 consumpsisset,
605 3017 715 3079 dicens
736 3024 857 3080 tantum
879 3014 913 3083 ἐς
936 3017 973 3076 τὸ
997 3013 1096 3096 δέρη
1129 3012 1231 3090 dequo

155 3120 195 3186 of.
218 3122 300 3187 Plut.
323 3125 394 3188 Per.
419 3122 519 3204 2213.
544 3126 642 3189 Thac.
665 3122 745 3205 231.
786 3125 886 3188 Paulo
909 3131 984 3208 post
1007 3115 1233 3206 percrebruerat

155 3251 193 3296 ea
215 3231 334 3296 locutio
359 3240 392 3296 et
413 3233 445 3295 in
468 3252 522 3296 ore
545 3235 681 3297 omnium
703 3241 786 3316 erat3
820 3234 908 3297 velut
938 3234 972 3296 in
993 3235 1067 3297 nub.
1089 3229 1159 3309 859,
1186 3213 1231 3286 ubi

153 3339 363 3423 Phidippidcs
386 3341 469 3405 filius
492 3350 614 3425 patrem
637 3350 746 3424 rogat:
769 3341 819 3409 τὰς
840 3342 895 3405 δἸ
919 3343 1011 3426 ficitur
1031 3344 1084 3402 ποῖ
1101 3338 1213 3421 apocr

154 3446 266 3531 ὦνόητε
292 3450 343 3532 σύ;
378 3457 411 3515 et
433 3450 651 3535 Strepsiades:
676 3451 774 3533 ὥσπερ
799 3449 939 3534 Περικλῆς
963 3451 992 3518 ἐς
1010 3449 1052 3512 'rb
1074 3447 1149 3512 δέον
1168 3442 1209 3504 ἀπ’

156 3559 236 3620 λεσα.
280 3560 411 3624 locose·
424 3558 557 3622 ἀνώλεσα
578 3560 612 3622 in
631 3558 771 3622 ἀπώλεσα
793 3566 943 3623 mutatum
966 3567 1027 3639 est,
1055 3571 1090 3624 nt
1111 3546 1208 3636 strepi

156 3665 213 3728 des
235 3668 376 3750 apertius
398 3668 564 3749 indicaret,
587 3689 621 3733 se
643 3688 700 3751 pro
723 3668 821 3731 nihilo
843 3668 972 3733 calceos
994 3669 1151 3751 abjecisse
1169 3666 1198 3726 et

158 3773 291 3840 Socrate
312 3777 442 3860 ejusque
465 3778 632 3861 discipulis
665 3777 833 3861 deceptum
866 3796 946 3841 esse.
1002 3778 1206 3862 Disputaveru'

157 3882 196 3946 dc
218 3886 388 3967 proverbio
412 3886 529 3950 Zenob.
552 3887 609 3968 ΠΙ,
631 3885 681 3949 91.
705 3887 787 3949 Mac.
810 3886 866 3964 ΙΙΙ,
889 3883 937 3947 62.
962 3885 1041 3949 Suid
1062 3907 1086 3951 s.
1102 3890 1137 3949 v.

257 3992 360 4058 Simili
381 3995 506 4059 ratione
529 4003 600 4059 orta
622 4003 671 4060 est
691 3995 811 4058 locutio
835 3997 901 4055 τῶν
930 3999 1038 4078 τριῶν
1060 3997 1172 4057 κακῶν
1191 3979 1205 4045 ἕ

156 4121 248 4183 quam
271 4104 402 4167 Photius
426 4125 455 4187 p.
479 4103 571 4185 613,4
593 4114 625 4169 et
652 4100 782 4168 Suidas'
801 4111 1059 4167 commemorant:
1095 4099 1204 4185 λεγόρει

155 4234 180 4273 τι
202 4211 273 4273 ἐστι’·
301 4215 391 4274 ταῦτα
414 4213 447 4274 δὲ
469 4210 538 4274 εἶναι
561 4212 689 4294 λέγουσιν
707 4212 725 4274 ἃ
742 4211 914 4296 Θηραμένης
925 4212 1013 4295 ὥρισε
1027 4211 1203 4296 προςτιρήμῦ

157 4321 203 4384 Ἀ.
227 4317 389 4406 Τριφάλητι
409 4321 462 4402 (ci.
481 4321 585 4404 frgmt.
602 4321 677 4404 466)
701 4322 777 4402 „epe
800 4321 855 4403 γὰρ
873 4320 930 4381 ἀπὸ
950 4320 1120 4405 Θηραμένου
1134 4317 1201 4381 cicc

156 4427 192 4491 τὰ
215 4430 277 4511 τρία
297 4429 407 4494 ταυτί.“
451 4430 604 4497 Similiter
619 4431 815 4516 Hesychius:
837 4433 894 4492 τῶν
917 4434 1000 4512 τριῶν
1016 4429 1060 4493 ἕν·
1082 4429 1176 4514 Θηραρ
