2782 5032
794 312 833 375 36

262 515 502 581 Atheniensium
524 514 716 579 conveniret.
751 514 892 592 Quacum
907 513 1159 578 Acharnensium
1174 512 1362 577 strenuitate

142 609 145 613 ’
262 611 441 708 congruunt
462 642 544 706 quae
566 623 745 706 Lysistretc
766 625 799 688 in
819 643 901 689 vers.
925 621 1050 685 61-63
1073 622 1165 687 dicit:

462 755 524 820 οὐδ’
548 754 583 825 ἃς
603 755 796 842 προςεδάκουν
819 754 1011 841 κάλογιζόμην
1030 756 1089 837 ἐγὼ

461 866 579 950 πρώτας
600 865 777 951 παρέσεσθαι
799 869 886 952 δεῦρο
908 866 959 936 τὰς
976 862 1150 951 Ἀχαρνέων

460 980 603 1058 γυναῖκας,
626 977 684 1061 οὐχ
704 977 832 1060 ἥκουσιν.

359 1110 434 1174 Alia
454 1110 574 1174 locutio
598 1110 637 1174 dc
659 1111 905 1175 Atheniensibus
928 1109 1016 1174 dicta
1038 1115 1087 1173 est
1113 1104 1283 1174 Ἀττικὸς
1311 1105 1364 1172 εἰς

262 1218 387 1302 λιμένα
409 1220 443 1282 in
465 1217 570 1302 frgmt.
595 1216 644 1282 61.
669 1219 708 1283 cf.
737 1219 878 1302 Hesyeh.
902 1227 933 1285 ct
955 1218 1047 1282 Phot.
1071 1238 1101 1300 p.
1123 1214 1202 1297 22,Ι,
1235 1217 1290 1299 qui
1325 1215 1363 1280 de

261 1328 362 1393 forma
385 1335 473 1393 recte
495 1335 626 1392 annotat
650 1327 742 1390 λείπει
764 1314 890 1413 ἰσχυρός.
925 1328 1088 1410 Originem
1111 1325 1292 1408 Hesychius
1317 1325 1362 1389 sic

260 1438 415 1522 explieat:
450 1437 476 1498 οἱ
501 1435 556 1520 γὰρ
580 1417 731 1520 Ἀθηναῖοι
759 1437 903 1505 συντόνως
928 1423 1054 1519 ἤλαυνον
1081 1433 1295 1501 καταπλέοντες
1317 1432 1367 1495 διὰ

260 1546 293 1610 τὸ
316 1546 491 1630 θεωρεῖσθαι
517 1535 572 1607 ὑπὸ
595 1549 653 1607 τῶν
676 1545 708 1607 ἐκ
730 1549 781 1628 τῆς
802 1551 864 1628 γῆς.
914 1545 1034 1611 Eadem
1061 1552 1110 1610 est
1137 1545 1362 1628 interpretatio

259 1655 422 1740 Apostolii
443 1655 476 1719 in
495 1655 552 1737 IV,
575 1653 624 1736 20,
647 1661 783 1739 excepto
806 1674 858 1736 ec,
887 1653 972 1736 quod
993 1674 1053 1737 pro
1073 1654 1182 1718 verbis
1204 1653 1362 1715 καταπλεῖν

258 1764 299 1832 εἰς
318 1762 419 1846 λιμένα
440 1763 571 1846 scripsit
592 1766 643 1825 τοῦ
667 1761 780 1846 λιμένος
802 1760 911 1832 ἐξιέναι.
956 1764 1132 1828 Dicebatur
1157 1763 1363 1847 proverbium

260 1873 299 1938 de
315 1873 370 1954 eis,
394 1874 447 1956 qui
469 1873 722 1957 inspectantibus
738 1871 927 1954 quibusdam
949 1873 1034 1936 omni
1050 1872 1255 1937 contentione
1275 1871 1362 1935 labo·

257 1990 343 2065 rant,
375 1992 411 2046 ut
432 1982 515 2046 Mac.
538 1982 580 2046 Π.
603 1979 644 2043 55
664 1981 775 2048 docet:
810 1979 938 2044 ἐπὶτῶν
967 1979 1170 2068 εὐτονωτέρας
1203 1980 1252 2042 διά
1285 2001 1362 2047 τινας

258 2088 403 2175 παρόντας
421 2089 636 2173 ἐργαζομένων,
667 2090 720 2156 vel
739 2098 774 2155 ut
795 2090 913 2155 Zenob.
937 2092 977 2170 ΙΙ,
1004 2089 1055 2154 1οε
1089 2089 1135 2152 ἐπὶ
1156 2093 1216 2152 τῶν
1238 2089 1291 2172 τὴν
1314 2087 1360 2150 ἀν-

257 2200 354 2284 δρείαν
377 2198 625 2282 ἐπιδεικνυμένων.

359 2308 511 2385 Quamvis
533 2329 595 2373 non
617 2309 657 2373 ad
673 2307 914 2372 Atheniensium
935 2329 1050 2392 mores,
1072 2307 1130 2373 sed
1152 2307 1193 2371 ed
1215 2314 1360 2372 naturam

257 2418 346 2482 urbis
378 2419 572 2483 Athenarum
606 2425 732 2502 spectet
763 2419 896 2501 locutio,
930 2437 1011 2500 quac
1044 2425 1094 2483 est
1125 2415 1177 2484 εἰς
1202 2412 1360 2500 Ἀθήνας

257 2529 418 2608 γλαῦκας
439 2525 576 2610 φέρειν,
599 2534 704 2592 tamen
723 2528 792 2612 jam
805 2530 867 2594 hcc
882 2528 954 2592 loco
970 2527 1129 2591 disserere
1144 2525 1185 2591 dc
1200 2545 1239 2590 ea
1253 2526 1357 2591 liceat

257 2633 380 2701 Mentic
403 2634 439 2699 fit
459 2635 553 2718 hujus
573 2636 745 2700 locutionis
767 2638 799 2701 in
820 2658 870 2701 av.
886 2635 956 2716 301,
978 2637 1032 2700 ubi
1056 2635 1254 2716 scholiastes,
1279 2653 1357 2718 quae

258 2746 307 2808 vis
330 2745 360 2809 ei
382 2745 530 2828 subjecta
559 2746 615 2824 sit,
650 2746 697 2809 sio
724 2746 830 2811 docet:
864 2743 1000 2828 παροιμία
1023 2744 1096 2811 ἐστὶν
1117 2743 1163 2805 ἐπὶ
1184 2748 1244 2805 τῶν
1266 2744 1356 2827 μάτην

210 2890 216 2897 ·
259 2850 492 2936 ἑπισωρευόντων
514 2852 575 2917 τινὰ
597 2854 670 2937 (αἳ)
703 2855 749 2917 ἐπὶ
777 2858 834 2922 τοῖς
856 2855 1103 2939 προϋπάρχουσα,
1138 2852 1198 2915 οἷον
1221 2849 1307 2920 εἴτις
1327 2851 1354 2913 ἐν

256 2961 396 3045 Αίγίνπτιρ
418 2965 493 3027 σῖτον
514 2963 659 3047 ἐπαγάγῃ,
680 2962 700 3046 ἢ
716 2963 746 3026 ἐν
761 2959 873 3047 Κιλικίᾳ
888 2961 1000 3047 κρόκον,
1034 2963 1149 3027 Melius
1163 2961 1353 3046 Hesychius:

256 3072 394 3155 παροιμία
414 3076 471 3136 τῶν
493 3074 588 3156 μάτην
606 3071 850 3156 τιπρασσόντων,
882 3073 981 3155 ὥσπερ
1011 3070 1096 3140 εἴτις
1118 3074 1247 3153 γλαῦκας
1264 3067 1352 3152 Ἀθη·

256 3185 325 3253 ναζε
348 3179 427 3263 ἄγοι·
459 3182 625 3265 πληθύουσι
649 3180 705 3263 γὰρ
736 3179 861 3242 ἐνταῦθα
886 3182 1018 3261 γλαῦκες.
1076 3180 1196 3246 Eadem
1227 3183 1356 3245 narrent

257 3288 354 3371 Suid„
377 3291 470 3372 Diog.
492 3291 534 3353 V.
557 3288 597 3367 ΙΙ,
622 3286 669 3370 13,
692 3289 809 3354 Zenob.
832 3290 891 3371 ΙΙΙ,
914 3289 942 3353 6.

355 3398 428 3463 Hae
460 3405 534 3463 sunt
567 3398 758 3479 sententiae,
793 3419 874 3482 quae
901 3398 941 3463 de
963 3399 1211 3463 Atheniensibus
1231 3398 1263 3461 in
1284 3414 1357 3481 pro·

255 3508 359 3572 verbii
394 3505 653 3571 consuetudinem
688 3507 849 3582 abierunt,
884 3522 1038 3591 quatenus
1070 3526 1110 3572 ex
1131 3504 1358 3591 Aristophanis

258 3616 433 3682 comoediis
456 3617 643 3702 perspicere
664 3636 840 3700 possumus.

355 3726 404 3790 De
419 3725 681 3791 Lacedaemoniis
696 3726 729 3788 in
743 3746 802 3790 usu
817 3730 887 3790 erat
901 3727 1113 3810 proverbium,
1134 3726 1220 3810 quod
1234 3725 1358 3791 Aristo·

254 3835 377 3919 phanes
399 3835 432 3898 in
452 3856 524 3920 pac.
550 3831 714 3896 rius-90
737 3843 974 3902 commemorat:

586 3968 685 4032 πολλὰ
707 3969 771 4054 γὰρ’
794 3971 831 4053 δη
854 3971 881 4053 μ’
904 3969 1043 4054 ἠδίκησαν

588 4074 668 4146 ὄντες
689 4076 760 4141 οἴκοι
781 4078 832 4162 μὲν
857 4077 971 4147 λέοντες

587 4184 617 4247 ἐν
638 4188 722 4270 μάχη
744 4187 770 4249 δ’
792 4188 953 4256 ἀλώπεκες.

353 4327 473 4407 Quodsi
502 4329 543 4393 ad
567 4329 648 4393 haec
670 4331 769 4394 verba
797 4330 989 4414 explicanda
1016 4329 1204 4396 scholiastes
1230 4329 1347 4394 narrat:

252 4437 390 4521 παροιμία
411 4436 489 4522 παρὰ
505 4435 574 4505 τοὺς
596 4435 625 4498 ἐν
644 4432 731 4522 Ἀσίηι
747 4437 886 4507 Λάκωνας
901 4438 1101 4522 ἀτυχήσαντας
1123 4436 1344 4524 „chirothecatus
