<?xml version="1.0" encoding="UTF-8"?>
<!DOCTYPE html PUBLIC "-//W3C//DTD XHTML 1.0 Transitional//EN"
    "http://www.w3.org/TR/xhtml1/DTD/xhtml1-transitional.dtd">
<html xmlns="http://www.w3.org/1999/xhtml" xml:lang="en" lang="en">
 <head>
  <title>
</title>
<meta http-equiv="Content-Type" content="text/html;charset=utf-8" />
  <meta name='ocr-system' content='tesseract 3.04.00' />
  <meta name='ocr-capabilities' content='ocr_page ocr_carea ocr_par ocr_line ocrx_word'/>
</head>
<body>
  <div class='ocr_page' id='page_1' title='image "./deproverbiisali00baucgoog_0079.png"; bbox 0 0 2782 5032; ppageno 0'>
   <div class='ocr_carea' id='block_1_1' title="bbox 597 291 795 389">
    <p class='ocr_par' dir='ltr' id='par_1_1' title="bbox 597 291 795 389">
     <span class='ocr_line' id='line_1_1' title="bbox 597 291 795 389; baseline -0.005 0"><span class='ocrx_word' id='word_1_1' title='bbox 597 291 795 389; x_wconf 48' lang='lat' dir='ltr'>...Q-</span> 
     </span>
    </p>
   </div>
   <div class='ocr_carea' id='block_1_2' title="bbox 145 490 1268 2429">
    <p class='ocr_par' dir='ltr' id='par_1_2' title="bbox 148 490 1217 687">
     <span class='ocr_line' id='line_1_2' title="bbox 148 490 1217 578; baseline -0.007 -18"><span class='ocrx_word' id='word_1_2' title='bbox 148 519 166 560; x_wconf 90' lang='lat' dir='ltr'>a</span> <span class='ocrx_word' id='word_1_3' title='bbox 190 497 295 578; x_wconf 83' lang='lat' dir='ltr'>bonis,</span> <span class='ocrx_word' id='word_1_4' title='bbox 328 517 390 559; x_wconf 92' lang='lat' dir='ltr'>non</span> <span class='ocrx_word' id='word_1_5' title='bbox 413 494 545 558; x_wconf 88' lang='lat' dir='ltr'>amalis</span> <span class='ocrx_word' id='word_1_6' title='bbox 568 495 691 558; x_wconf 89' lang='lat' dir='ltr'>civibus</span> <span class='ocrx_word' id='word_1_7' title='bbox 713 495 827 558; x_wconf 90' lang='lat' dir='ltr'>malum</span> <span class='ocrx_word' id='word_1_8' title='bbox 850 505 1041 574; x_wconf 85' lang='lat' dir='ltr'>accepturos</span> <span class='ocrx_word' id='word_1_9' title='bbox 1063 490 1132 554; x_wconf 87' lang='lat' dir='ltr'>illos</span> <span class='ocrx_word' id='word_1_10' title='bbox 1151 509 1217 572; x_wconf 67' lang='lat' dir='ltr'>essa</span> 
     </span>
     <span class='ocr_line' id='line_1_3' title="bbox 148 603 586 687; baseline -0.002 -20"><span class='ocrx_word' id='word_1_11' title='bbox 148 605 232 687; x_wconf 92' lang='lat' dir='ltr'>quod</span> <span class='ocrx_word' id='word_1_12' title='bbox 254 605 303 668; x_wconf 93' lang='lat' dir='ltr'>his</span> <span class='ocrx_word' id='word_1_13' title='bbox 326 604 433 669; x_wconf 86' lang='lat' dir='ltr'>verbis</span> <span class='ocrx_word' id='word_1_14' title='bbox 456 603 586 668; x_wconf 87' lang='lat' dir='ltr'>dicitur:</span> 
     </span>
    </p>

    <p class='ocr_par' dir='ltr' id='par_1_3' title="bbox 297 707 1040 796">
     <span class='ocr_line' id='line_1_4' title="bbox 297 707 1040 796; baseline -0.005 -22"><span class='ocrx_word' id='word_1_15' title='bbox 297 710 351 774; x_wconf 82' lang='grc' dir='ltr'>κᾶν</span> <span class='ocrx_word' id='word_1_16' title='bbox 374 735 399 773; x_wconf 92' lang='grc' dir='ltr'>τι</span> <span class='ocrx_word' id='word_1_17' title='bbox 415 713 548 796; x_wconf 74' lang='grc' dir='ltr'>σφαλῆτ’,</span> <span class='ocrx_word' id='word_1_18' title='bbox 571 712 600 783; x_wconf 77' lang='grc' dir='ltr'>ἐξ</span> <span class='ocrx_word' id='word_1_19' title='bbox 622 712 720 781; x_wconf 74' lang='grc' dir='ltr'>ἀξίου</span> <span class='ocrx_word' id='word_1_20' title='bbox 746 713 828 791; x_wconf 83' lang='grc' dir='ltr'>γοῦν</span> <span class='ocrx_word' id='word_1_21' title='bbox 847 711 909 771; x_wconf 84' lang='grc' dir='ltr'>τού</span> <span class='ocrx_word' id='word_1_22' title='bbox 932 707 1040 778; x_wconf 83' lang='grc' dir='ltr'>Εύλου</span> 
     </span>
    </p>

    <p class='ocr_par' dir='ltr' id='par_1_4' title="bbox 145 818 1268 2429">
     <span class='ocr_line' id='line_1_5' title="bbox 297 818 1127 904; baseline -0.006 -21"><span class='ocrx_word' id='word_1_23' title='bbox 297 819 332 904; x_wconf 83' lang='grc' dir='ltr'>ἤν</span> <span class='ocrx_word' id='word_1_24' title='bbox 355 843 380 882; x_wconf 91' lang='grc' dir='ltr'>τι</span> <span class='ocrx_word' id='word_1_25' title='bbox 400 820 447 882; x_wconf 88' lang='grc' dir='ltr'>καὶ</span> <span class='ocrx_word' id='word_1_26' title='bbox 467 822 611 904; x_wconf 80' lang='grc' dir='ltr'>πάσχητε,</span> <span class='ocrx_word' id='word_1_27' title='bbox 634 822 756 904; x_wconf 77' lang='grc' dir='ltr'>πάσχειν</span> <span class='ocrx_word' id='word_1_28' title='bbox 779 823 837 888; x_wconf 86' lang='grc' dir='ltr'>τοῖς</span> <span class='ocrx_word' id='word_1_29' title='bbox 859 822 959 902; x_wconf 82' lang='grc' dir='ltr'>σοφοῖς</span> <span class='ocrx_word' id='word_1_30' title='bbox 981 818 1127 900; x_wconf 74' lang='grc' dir='ltr'>δοκήσετε,</span> 
     </span>
     <span class='ocr_line' id='line_1_6' title="bbox 147 923 1221 1013; baseline -0.008 -19"><span class='ocrx_word' id='word_1_31' title='bbox 147 931 202 994; x_wconf 87' lang='lat' dir='ltr'>ubi</span> <span class='ocrx_word' id='word_1_32' title='bbox 219 930 321 995; x_wconf 84' lang='lat' dir='ltr'>schol:</span> <span class='ocrx_word' id='word_1_33' title='bbox 345 929 423 1013; x_wconf 81' lang='grc' dir='ltr'>παρὰ</span> <span class='ocrx_word' id='word_1_34' title='bbox 435 931 486 1012; x_wconf 79' lang='grc' dir='ltr'>τὴν</span> <span class='ocrx_word' id='word_1_35' title='bbox 499 929 650 1012; x_wconf 86' lang='grc' dir='ltr'>παροιμίαν</span> <span class='ocrx_word' id='word_1_36' title='bbox 674 928 763 1010; x_wconf 69' lang='grc' dir='ltr'>,ἀπὸ</span> <span class='ocrx_word' id='word_1_37' title='bbox 786 930 898 990; x_wconf 81' lang='grc' dir='ltr'>καλοῦ</span> <span class='ocrx_word' id='word_1_38' title='bbox 920 927 1029 996; x_wconf 80' lang='grc' dir='ltr'>ξύλου</span> <span class='ocrx_word' id='word_1_39' title='bbox 1053 923 1114 988; x_wconf 76' lang='grc' dir='ltr'>κᾶν</span> <span class='ocrx_word' id='word_1_40' title='bbox 1134 924 1221 1004; x_wconf 65' lang='lat' dir='ltr'>uincit·</span> 
     </span>
     <span class='ocr_line' id='line_1_7' title="bbox 147 1032 1222 1124; baseline -0.007 -24"><span class='ocrx_word' id='word_1_41' title='bbox 147 1037 281 1107; x_wconf 74' lang='grc' dir='ltr'>ξασθαι,</span> <span class='ocrx_word' id='word_1_42' title='bbox 336 1038 417 1102; x_wconf 80' lang='grc' dir='ltr'>θέλει</span> <span class='ocrx_word' id='word_1_43' title='bbox 438 1035 487 1100; x_wconf 80' lang='grc' dir='ltr'>οὖν</span> <span class='ocrx_word' id='word_1_44' title='bbox 516 1038 621 1120; x_wconf 81' lang='grc' dir='ltr'>λέγειν,</span> <span class='ocrx_word' id='word_1_45' title='bbox 656 1035 766 1124; x_wconf 81' lang='grc' dir='ltr'>βέλτιόν</span> <span class='ocrx_word' id='word_1_46' title='bbox 796 1038 854 1099; x_wconf 85' lang='grc' dir='ltr'>ἐστι</span> <span class='ocrx_word' id='word_1_47' title='bbox 882 1037 1011 1119; x_wconf 70' lang='grc' dir='ltr'>χρῆσθαι</span> <span class='ocrx_word' id='word_1_48' title='bbox 1031 1039 1089 1103; x_wconf 86' lang='grc' dir='ltr'>τοῖς</span> <span class='ocrx_word' id='word_1_49' title='bbox 1109 1032 1222 1116; x_wconf 71' lang='grc' dir='ltr'>γενναίοις</span> 
     </span>
     <span class='ocr_line' id='line_1_8' title="bbox 150 1124 1222 1233; baseline -0.007 -25"><span class='ocrx_word' id='word_1_50' title='bbox 150 1150 320 1231; x_wconf 80' lang='grc' dir='ltr'>στρατηγοῖς</span> <span class='ocrx_word' id='word_1_51' title='bbox 342 1146 360 1229; x_wconf 78' lang='grc' dir='ltr'><strong>ἢ</strong></span> <span class='ocrx_word' id='word_1_52' title='bbox 383 1152 441 1215; x_wconf 90' lang='grc' dir='ltr'>τοῖς</span> <span class='ocrx_word' id='word_1_53' title='bbox 463 1147 598 1233; x_wconf 80' lang='grc' dir='ltr'>φαύλοις·</span> <span class='ocrx_word' id='word_1_54' title='bbox 632 1145 685 1209; x_wconf 83' lang='grc' dir='ltr'>κᾶν</span> <span class='ocrx_word' id='word_1_55' title='bbox 713 1147 768 1229; x_wconf 82' lang='grc' dir='ltr'>γὰρ</span> <span class='ocrx_word' id='word_1_56' title='bbox 796 1145 851 1230; x_wconf 84' lang='grc' dir='ltr'>δέη</span> <span class='ocrx_word' id='word_1_57' title='bbox 885 1145 1002 1226; x_wconf 76' lang='grc' dir='ltr'>παθεῖν,</span> <span class='ocrx_word' id='word_1_58' title='bbox 1037 1124 1156 1226; x_wconf 86' lang='grc' dir='ltr'>κρεῖττον</span> <span class='ocrx_word' id='word_1_59' title='bbox 1184 1139 1222 1200; x_wconf 77' lang='grc' dir='ltr'>ἀπ’</span> 
     </span>
     <span class='ocr_line' id='line_1_9' title="bbox 148 1246 1222 1348; baseline -0.005 -31"><span class='ocrx_word' id='word_1_60' title='bbox 148 1254 260 1338; x_wconf 64' lang='lat' dir='ltr'>ripato&amp;</span> <span class='ocrx_word' id='word_1_61' title='bbox 282 1255 301 1338; x_wconf 75' lang='grc' dir='ltr'>ἢ</span> <span class='ocrx_word' id='word_1_62' title='bbox 324 1257 438 1340; x_wconf 74' lang='grc' dir='ltr'>φαύλου</span> <span class='ocrx_word' id='word_1_63' title='bbox 454 1257 584 1339; x_wconf 78' lang='grc' dir='ltr'>πάσχειν.</span> <span class='ocrx_word' id='word_1_64' title='bbox 619 1255 656 1319; x_wconf 87' lang='lat' dir='ltr'>cf.</span> <span class='ocrx_word' id='word_1_65' title='bbox 675 1259 789 1348; x_wconf 83' lang='lat' dir='ltr'>Apost.</span> <span class='ocrx_word' id='word_1_66' title='bbox 802 1255 858 1336; x_wconf 85' lang='grc' dir='ltr'>ΙΙΙ,</span> <span class='ocrx_word' id='word_1_67' title='bbox 880 1253 929 1316; x_wconf 89' lang='grc'>34.</span> <span class='ocrx_word' id='word_1_68' title='bbox 965 1257 1048 1336; x_wconf 80' lang='lat' dir='ltr'>App.</span> <span class='ocrx_word' id='word_1_69' title='bbox 1060 1255 1127 1337; x_wconf 91' lang='lat' dir='ltr'>prb.</span> <span class='ocrx_word' id='word_1_70' title='bbox 1137 1251 1172 1332; x_wconf 91' lang='grc' dir='ltr'>ΙΙ,</span> <span class='ocrx_word' id='word_1_71' title='bbox 1183 1246 1222 1311; x_wconf 75' lang='grc'>61.</span> 
     </span>
     <span class='ocr_line' id='line_1_10' title="bbox 149 1361 1223 1446; baseline -0.008 -18"><span class='ocrx_word' id='word_1_72' title='bbox 149 1365 240 1442; x_wconf 84' lang='lat' dir='ltr'>Quod</span> <span class='ocrx_word' id='word_1_73' title='bbox 262 1365 302 1428; x_wconf 87' lang='lat' dir='ltr'>ad</span> <span class='ocrx_word' id='word_1_74' title='bbox 324 1364 495 1429; x_wconf 86' lang='lat' dir='ltr'>locutionis</span> <span class='ocrx_word' id='word_1_75' title='bbox 518 1364 649 1428; x_wconf 85' lang='lat' dir='ltr'>formam</span> <span class='ocrx_word' id='word_1_76' title='bbox 674 1366 795 1446; x_wconf 78' lang='lat' dir='ltr'><strong>attinet,</strong></span> <span class='ocrx_word' id='word_1_77' title='bbox 818 1364 956 1429; x_wconf 78' lang='lat' dir='ltr'><strong>traditae</strong></span> <span class='ocrx_word' id='word_1_78' title='bbox 978 1371 1051 1427; x_wconf 88' lang='lat' dir='ltr'>suut</span> <span class='ocrx_word' id='word_1_79' title='bbox 1068 1361 1223 1426; x_wconf 85' lang='lat' dir='ltr'>locutiones</span> 
     </span>
     <span class='ocr_line' id='line_1_11' title="bbox 148 1468 1224 1554; baseline -0.007 -20"><span class='ocrx_word' id='word_1_80' title='bbox 148 1471 177 1542; x_wconf 77' lang='grc' dir='ltr'>ἐξ</span> <span class='ocrx_word' id='word_1_81' title='bbox 200 1472 297 1542; x_wconf 74' lang='grc' dir='ltr'>ἀξίου</span> <span class='ocrx_word' id='word_1_82' title='bbox 320 1473 407 1542; x_wconf 74' lang='grc' dir='ltr'>ξύλου</span> <span class='ocrx_word' id='word_1_83' title='bbox 423 1473 607 1554; x_wconf 75' lang='grc' dir='ltr'>οῖποίγῖασδαι</span> <span class='ocrx_word' id='word_1_84' title='bbox 622 1481 654 1538; x_wconf 85' lang='lat' dir='ltr'>et</span> <span class='ocrx_word' id='word_1_85' title='bbox 665 1472 722 1534; x_wconf 83' lang='grc' dir='ltr'>οῖπδ</span> <span class='ocrx_word' id='word_1_86' title='bbox 745 1475 857 1536; x_wconf 81' lang='grc' dir='ltr'>καλοῦ</span> <span class='ocrx_word' id='word_1_87' title='bbox 880 1473 902 1542; x_wconf 82' lang='grc' dir='ltr'>Ε.</span> <span class='ocrx_word' id='word_1_88' title='bbox 927 1471 988 1554; x_wconf 82' lang='grc' dir='ltr'>ἀπ,</span> <span class='ocrx_word' id='word_1_89' title='bbox 1011 1492 1137 1554; x_wconf 84' lang='lat' dir='ltr'>quarum</span> <span class='ocrx_word' id='word_1_90' title='bbox 1151 1468 1224 1553; x_wconf 85' lang='lat' dir='ltr'>prior</span> 
     </span>
     <span class='ocr_line' id='line_1_12' title="bbox 148 1579 1268 1667; baseline -0.006 -21"><span class='ocrx_word' id='word_1_91' title='bbox 148 1583 441 1667; x_wconf 86' lang='lat' dir='ltr'>ap.A1istoph.et</span> <span class='ocrx_word' id='word_1_92' title='bbox 473 1583 505 1646; x_wconf 91' lang='lat' dir='ltr'>in</span> <span class='ocrx_word' id='word_1_93' title='bbox 528 1587 612 1666; x_wconf 89' lang='lat' dir='ltr'><strong>App.</strong></span> <span class='ocrx_word' id='word_1_94' title='bbox 636 1584 706 1666; x_wconf 86' lang='lat' dir='ltr'>prb.</span> <span class='ocrx_word' id='word_1_95' title='bbox 734 1583 754 1647; x_wconf 90' lang='lat' dir='ltr'>l.</span> <span class='ocrx_word' id='word_1_96' title='bbox 784 1602 811 1646; x_wconf 94' lang='lat' dir='ltr'>c.</span> <span class='ocrx_word' id='word_1_97' title='bbox 835 1588 868 1647; x_wconf 88' lang='lat' dir='ltr'>et</span> <span class='ocrx_word' id='word_1_98' title='bbox 900 1602 950 1667; x_wconf 89' lang='lat' dir='ltr'>ap.</span> <span class='ocrx_word' id='word_1_99' title='bbox 984 1579 1116 1645; x_wconf 85' lang='lat' dir='ltr'>Aristid.</span> <span class='ocrx_word' id='word_1_100' title='bbox 1146 1580 1222 1642; x_wconf 85' lang='lat' dir='ltr'>oratt.</span> <span class='ocrx_word' id='word_1_101' title='bbox 1265 1626 1268 1639; x_wconf 93' lang='lat'><em>.</em></span> 
     </span>
     <span class='ocr_line' id='line_1_13' title="bbox 148 1668 1268 1774; baseline 0 -22"><span class='ocrx_word' id='word_1_102' title='bbox 148 1711 178 1774; x_wconf 88' lang='lat' dir='ltr'>p.</span> <span class='ocrx_word' id='word_1_103' title='bbox 201 1688 265 1752; x_wconf 80' lang='lat'>510</span> <span class='ocrx_word' id='word_1_104' title='bbox 286 1688 384 1774; x_wconf 75' lang='lat'><strong>(286),</strong></span> <span class='ocrx_word' id='word_1_105' title='bbox 407 1690 456 1772; x_wconf 77' lang='lat'>22,</span> <span class='ocrx_word' id='word_1_106' title='bbox 480 1692 548 1757; x_wconf 89' lang='lat' dir='ltr'>ubi:</span> <span class='ocrx_word' id='word_1_107' title='bbox 583 1690 646 1752; x_wconf 80' lang='grc' dir='ltr'>ἀλλ’</span> <span class='ocrx_word' id='word_1_108' title='bbox 671 1688 720 1752; x_wconf 84' lang='grc' dir='ltr'>οὖν</span> <span class='ocrx_word' id='word_1_109' title='bbox 744 1688 776 1753; x_wconf 89' lang='grc' dir='ltr'>τύ</span> <span class='ocrx_word' id='word_1_110' title='bbox 797 1714 831 1773; x_wconf 89' lang='grc' dir='ltr'>γε</span> <span class='ocrx_word' id='word_1_111' title='bbox 863 1695 914 1773; x_wconf 81' lang='grc' dir='ltr'>τῆς</span> <span class='ocrx_word' id='word_1_112' title='bbox 936 1679 1138 1773; x_wconf 77' lang='grc' dir='ltr'>παροιμίας’ἐξ</span> <span class='ocrx_word' id='word_1_113' title='bbox 1159 1682 1223 1752; x_wconf 73' lang='lat' dir='ltr'>atur</span> <span class='ocrx_word' id='word_1_114' title='bbox 1266 1668 1268 1733; x_wconf 66' lang='grc' dir='ltr'>ί</span> 
     </span>
     <span class='ocr_line' id='line_1_14' title="bbox 148 1797 1223 1884; baseline -0.004 -24"><span class='ocrx_word' id='word_1_115' title='bbox 148 1801 199 1861; x_wconf 79' lang='grc' dir='ltr'>τοῦ</span> <span class='ocrx_word' id='word_1_116' title='bbox 230 1797 316 1868; x_wconf 77' lang='grc' dir='ltr'>ξύλου</span> <span class='ocrx_word' id='word_1_117' title='bbox 350 1798 396 1861; x_wconf 85' lang='grc' dir='ltr'>καὶ</span> <span class='ocrx_word' id='word_1_118' title='bbox 427 1801 548 1884; x_wconf 79' lang='grc' dir='ltr'>πάσχειν</span> <span class='ocrx_word' id='word_1_119' title='bbox 571 1799 710 1884; x_wconf 81' lang='grc' dir='ltr'>ὑπῆρχεν,</span> <span class='ocrx_word' id='word_1_120' title='bbox 747 1799 775 1862; x_wconf 82' lang='grc' dir='ltr'>εἴ</span> <span class='ocrx_word' id='word_1_121' title='bbox 798 1824 840 1883; x_wconf 83' lang='grc' dir='ltr'>τῳ</span> <span class='ocrx_word' id='word_1_122' title='bbox 863 1799 1025 1884; x_wconf 85' lang='grc' dir='ltr'>συμβαίνοι,</span> <span class='ocrx_word' id='word_1_123' title='bbox 1060 1799 1155 1862; x_wconf 80' lang='lat' dir='ltr'>altera</span> <span class='ocrx_word' id='word_1_124' title='bbox 1182 1811 1223 1874; x_wconf 83' lang='lat' dir='ltr'>ap.</span> 
     </span>
     <span class='ocr_line' id='line_1_15' title="bbox 147 1900 1225 1993; baseline -0.01 -21"><span class='ocrx_word' id='word_1_125' title='bbox 147 1908 246 1973; x_wconf 91' lang='lat' dir='ltr'>schol.</span> <span class='ocrx_word' id='word_1_126' title='bbox 270 1909 368 1972; x_wconf 81' lang='lat' dir='ltr'>Arist.</span> <span class='ocrx_word' id='word_1_127' title='bbox 391 1920 423 1974; x_wconf 90' lang='lat' dir='ltr'>et</span> <span class='ocrx_word' id='word_1_128' title='bbox 450 1912 563 1993; x_wconf 82' lang='lat' dir='ltr'>Apost.</span> <span class='ocrx_word' id='word_1_129' title='bbox 586 1910 606 1973; x_wconf 90' lang='lat' dir='ltr'>l.</span> <span class='ocrx_word' id='word_1_130' title='bbox 632 1929 658 1972; x_wconf 90' lang='lat' dir='ltr'>c.</span> <span class='ocrx_word' id='word_1_131' title='bbox 682 1909 807 1990; x_wconf 84' lang='lat' dir='ltr'>legitur.</span> <span class='ocrx_word' id='word_1_132' title='bbox 864 1908 1028 1986; x_wconf 83' lang='lat' dir='ltr'>Quomodo</span> <span class='ocrx_word' id='word_1_133' title='bbox 1055 1907 1164 1972; x_wconf 84' lang='lat' dir='ltr'>factum</span> <span class='ocrx_word' id='word_1_134' title='bbox 1183 1900 1225 1978; x_wconf 87' lang='lat' dir='ltr'>sit,</span> 
     </span>
     <span class='ocr_line' id='line_1_16' title="bbox 147 2002 1226 2098; baseline -0.005 -17"><span class='ocrx_word' id='word_1_135' title='bbox 147 2025 182 2082; x_wconf 89' lang='lat' dir='ltr'>ut</span> <span class='ocrx_word' id='word_1_136' title='bbox 203 2039 243 2083; x_wconf 83' lang='lat' dir='ltr'>ex</span> <span class='ocrx_word' id='word_1_137' title='bbox 267 2019 374 2082; x_wconf 89' lang='lat' dir='ltr'>verbis</span> <span class='ocrx_word' id='word_1_138' title='bbox 397 2015 474 2086; x_wconf 75' lang='grc' dir='ltr'>ἄξιος</span> <span class='ocrx_word' id='word_1_139' title='bbox 495 2018 547 2082; x_wconf 85' lang='lat' dir='ltr'>vel</span> <span class='ocrx_word' id='word_1_140' title='bbox 570 2016 660 2085; x_wconf 85' lang='grc' dir='ltr'>καλός</span> <span class='ocrx_word' id='word_1_141' title='bbox 683 2025 715 2082; x_wconf 91' lang='lat' dir='ltr'>et</span> <span class='ocrx_word' id='word_1_142' title='bbox 735 2019 793 2080; x_wconf 80' lang='grc' dir='ltr'>ἀπὸ</span> <span class='ocrx_word' id='word_1_143' title='bbox 816 2017 901 2085; x_wconf 76' lang='grc' dir='ltr'>ξύλου</span> <span class='ocrx_word' id='word_1_144' title='bbox 924 2017 1105 2098; x_wconf 75' lang='grc' dir='ltr'>ἀπάγξασθαι</span> <span class='ocrx_word' id='word_1_145' title='bbox 1124 2002 1226 2079; x_wconf 85' lang='lat' dir='ltr'>locuti0</span> 
     </span>
     <span class='ocr_line' id='line_1_17' title="bbox 146 2126 1227 2211; baseline -0.009 -20"><span class='ocrx_word' id='word_1_146' title='bbox 146 2127 360 2211; x_wconf 83' lang='lat' dir='ltr'>proverbialis</span> <span class='ocrx_word' id='word_1_147' title='bbox 383 2134 536 2207; x_wconf 82' lang='lat' dir='ltr'>oreretur,</span> <span class='ocrx_word' id='word_1_148' title='bbox 558 2128 726 2210; x_wconf 82' lang='lat' dir='ltr'>exquirere</span> <span class='ocrx_word' id='word_1_149' title='bbox 748 2146 809 2190; x_wconf 90' lang='lat' dir='ltr'>uon</span> <span class='ocrx_word' id='word_1_150' title='bbox 832 2126 930 2210; x_wconf 85' lang='lat' dir='ltr'>potui.</span> <span class='ocrx_word' id='word_1_151' title='bbox 966 2129 1112 2210; x_wconf 82' lang='lat' dir='ltr'>Apparet</span> <span class='ocrx_word' id='word_1_152' title='bbox 1131 2129 1227 2195; x_wconf 78' lang='lat' dir='ltr'>autem</span> 
     </span>
     <span class='ocr_line' id='line_1_18' title="bbox 145 2232 1226 2319; baseline -0.011 -19"><span class='ocrx_word' id='word_1_153' title='bbox 145 2236 338 2300; x_wconf 89' lang='lat' dir='ltr'>locutionem</span> <span class='ocrx_word' id='word_1_154' title='bbox 372 2236 542 2319; x_wconf 88' lang='lat' dir='ltr'>aliquando</span> <span class='ocrx_word' id='word_1_155' title='bbox 576 2237 718 2318; x_wconf 89' lang='lat' dir='ltr'>qualibet</span> <span class='ocrx_word' id='word_1_156' title='bbox 749 2237 781 2299; x_wconf 88' lang='lat' dir='ltr'>in</span> <span class='ocrx_word' id='word_1_157' title='bbox 811 2256 845 2300; x_wconf 91' lang='lat' dir='ltr'>re</span> <span class='ocrx_word' id='word_1_158' title='bbox 873 2236 984 2319; x_wconf 86' lang='lat' dir='ltr'>ignota</span> <span class='ocrx_word' id='word_1_159' title='bbox 1006 2236 1119 2300; x_wconf 88' lang='lat' dir='ltr'>dictam</span> <span class='ocrx_word' id='word_1_160' title='bbox 1141 2232 1226 2296; x_wconf 82' lang='lat' dir='ltr'>fuisse</span> 
     </span>
     <span class='ocr_line' id='line_1_19' title="bbox 148 2344 858 2429; baseline 0 -21"><span class='ocrx_word' id='word_1_161' title='bbox 148 2350 243 2428; x_wconf 88' lang='lat' dir='ltr'>atque</span> <span class='ocrx_word' id='word_1_162' title='bbox 265 2344 340 2410; x_wconf 89' lang='lat' dir='ltr'>inde</span> <span class='ocrx_word' id='word_1_163' title='bbox 362 2346 395 2408; x_wconf 90' lang='lat' dir='ltr'>in</span> <span class='ocrx_word' id='word_1_164' title='bbox 417 2345 580 2429; x_wconf 89' lang='lat' dir='ltr'>proverbii</span> <span class='ocrx_word' id='word_1_165' title='bbox 603 2345 706 2409; x_wconf 93' lang='lat' dir='ltr'>locum</span> <span class='ocrx_word' id='word_1_166' title='bbox 729 2346 858 2408; x_wconf 87' lang='lat' dir='ltr'>abiisse.</span> 
     </span>
    </p>
   </div>
   <div class='ocr_carea' id='block_1_3' title="bbox 203 2523 1181 2832">
    <p class='ocr_par' dir='ltr' id='par_1_5' title="bbox 203 2523 1181 2832">
     <span class='ocr_line' id='line_1_20' title="bbox 203 2523 1181 2614; baseline 0.001 -24"><span class='ocrx_word' id='word_1_167' title='bbox 203 2527 260 2591; x_wconf 87' lang='lat' dir='ltr'>VI.</span> <span class='ocrx_word' id='word_1_168' title='bbox 306 2526 350 2593; x_wconf 87' lang='lat' dir='ltr'>tte</span> <span class='ocrx_word' id='word_1_169' title='bbox 384 2528 568 2612; x_wconf 74' lang='lat' dir='ltr'>proverbiis</span> <span class='ocrx_word' id='word_1_170' title='bbox 592 2528 876 2614; x_wconf 78' lang='lat' dir='ltr'>locutionibusque</span> <span class='ocrx_word' id='word_1_171' title='bbox 899 2545 918 2596; x_wconf 94' lang='lat' dir='ltr'>a</span> <span class='ocrx_word' id='word_1_172' title='bbox 940 2523 1181 2613; x_wconf 74' lang='lat' dir='ltr'>quotidianis</span> 
     </span>
     <span class='ocr_line' id='line_1_21' title="bbox 287 2635 1106 2722; baseline 0.005 -20"><span class='ocrx_word' id='word_1_173' title='bbox 287 2635 479 2705; x_wconf 84' lang='lat' dir='ltr'>hominum</span> <span class='ocrx_word' id='word_1_174' title='bbox 504 2636 840 2721; x_wconf 75' lang='lat' dir='ltr'>occupationibus</span> <span class='ocrx_word' id='word_1_175' title='bbox 863 2637 1106 2722; x_wconf 76' lang='lat' dir='ltr'>artibusque</span> 
     </span>
     <span class='ocr_line' id='line_1_22' title="bbox 518 2745 861 2832; baseline 0 -18"><span class='ocrx_word' id='word_1_176' title='bbox 518 2745 709 2832; x_wconf 88' lang='lat' dir='ltr'>quibusdam</span> <span class='ocrx_word' id='word_1_177' title='bbox 734 2746 861 2829; x_wconf 85' lang='lat' dir='ltr'>petitis.</span> 
     </span>
    </p>
   </div>
   <div class='ocr_carea' id='block_1_4' title="bbox 146 2872 1251 3519">
    <p class='ocr_par' dir='ltr' id='par_1_6' title="bbox 146 2872 1251 3407">
     <span class='ocr_line' id='line_1_23' title="bbox 246 2872 1243 2972; baseline -0.002 -23"><span class='ocrx_word' id='word_1_178' title='bbox 246 2885 434 2970; x_wconf 81' lang='lat' dir='ltr'>Priusquam</span> <span class='ocrx_word' id='word_1_179' title='bbox 457 2890 497 2953; x_wconf 94' lang='lat' dir='ltr'>dc</span> <span class='ocrx_word' id='word_1_180' title='bbox 518 2889 745 2970; x_wconf 76' lang='lat' dir='ltr'>locutionibus,</span> <span class='ocrx_word' id='word_1_181' title='bbox 786 2911 866 2972; x_wconf 88' lang='lat' dir='ltr'>quae</span> <span class='ocrx_word' id='word_1_182' title='bbox 893 2912 912 2953; x_wconf 88' lang='lat' dir='ltr'>a</span> <span class='ocrx_word' id='word_1_183' title='bbox 935 2889 1126 2972; x_wconf 84' lang='lat' dir='ltr'>quotidianis</span> <span class='ocrx_word' id='word_1_184' title='bbox 1147 2872 1243 2950; x_wconf 82' lang='lat' dir='ltr'>homi·</span> 
     </span>
     <span class='ocr_line' id='line_1_24' title="bbox 147 2998 1245 3080; baseline -0.001 -23"><span class='ocrx_word' id='word_1_185' title='bbox 147 3016 219 3057; x_wconf 88' lang='lat' dir='ltr'>uum</span> <span class='ocrx_word' id='word_1_186' title='bbox 240 2998 506 3078; x_wconf 76' lang='lat' dir='ltr'>occupationibus</span> <span class='ocrx_word' id='word_1_187' title='bbox 531 2998 651 3080; x_wconf 86' lang='lat' dir='ltr'>petitae</span> <span class='ocrx_word' id='word_1_188' title='bbox 675 3006 753 3075; x_wconf 88' lang='lat' dir='ltr'>sunt,</span> <span class='ocrx_word' id='word_1_189' title='bbox 775 2999 935 3080; x_wconf 89' lang='lat' dir='ltr'>disseram,</span> <span class='ocrx_word' id='word_1_190' title='bbox 960 2999 1041 3063; x_wconf 72' lang='lat' dir='ltr'>dirae</span> <span class='ocrx_word' id='word_1_191' title='bbox 1063 3000 1245 3063; x_wconf 75' lang='lat' dir='ltr'>commemo·</span> 
     </span>
     <span class='ocr_line' id='line_1_25' title="bbox 147 3099 1246 3189; baseline 0 -22"><span class='ocrx_word' id='word_1_192' title='bbox 147 3104 267 3170; x_wconf 79' lang='lat' dir='ltr'>candae</span> <span class='ocrx_word' id='word_1_193' title='bbox 291 3115 378 3186; x_wconf 86' lang='lat' dir='ltr'>sunt,</span> <span class='ocrx_word' id='word_1_194' title='bbox 412 3109 525 3189; x_wconf 91' lang='lat' dir='ltr'>quibus</span> <span class='ocrx_word' id='word_1_195' title='bbox 556 3108 713 3171; x_wconf 88' lang='lat' dir='ltr'>sententia</span> <span class='ocrx_word' id='word_1_196' title='bbox 735 3109 907 3171; x_wconf 88' lang='lat' dir='ltr'>communis</span> <span class='ocrx_word' id='word_1_197' title='bbox 930 3109 969 3172; x_wconf 91' lang='lat' dir='ltr'>de</span> <span class='ocrx_word' id='word_1_198' title='bbox 992 3108 1127 3172; x_wconf 88' lang='lat' dir='ltr'>artificio</span> <span class='ocrx_word' id='word_1_199' title='bbox 1144 3099 1246 3168; x_wconf 64' lang='lat' dir='ltr'>inest</span> 
     </span>
     <span class='ocr_line' id='line_1_26' title="bbox 148 3213 1251 3301; baseline 0.001 -25"><span class='ocrx_word' id='word_1_200' title='bbox 148 3234 278 3297; x_wconf 86' lang='lat' dir='ltr'>quarum</span> <span class='ocrx_word' id='word_1_201' title='bbox 303 3215 434 3279; x_wconf 81' lang='lat' dir='ltr'>alteram</span> <span class='ocrx_word' id='word_1_202' title='bbox 459 3213 539 3298; x_wconf 82' lang='grc' dir='ltr'>ἔρδοι</span> <span class='ocrx_word' id='word_1_203' title='bbox 562 3239 601 3284; x_wconf 89' lang='grc' dir='ltr'>τις</span> <span class='ocrx_word' id='word_1_204' title='bbox 621 3217 655 3300; x_wconf 77' lang='grc' dir='ltr'>ἢν</span> <span class='ocrx_word' id='word_1_205' title='bbox 679 3215 799 3283; x_wconf 77' lang='grc' dir='ltr'>ἕκαστος</span> <span class='ocrx_word' id='word_1_206' title='bbox 822 3217 910 3299; x_wconf 80' lang='grc' dir='ltr'>εἰδείη</span> <span class='ocrx_word' id='word_1_207' title='bbox 938 3219 1042 3301; x_wconf 76' lang='grc' dir='ltr'>τεχνην</span> <span class='ocrx_word' id='word_1_208' title='bbox 1061 3219 1126 3300; x_wconf 85' lang='lat' dir='ltr'>jam</span> <span class='ocrx_word' id='word_1_209' title='bbox 1147 3216 1251 3298; x_wconf 67' lang='lat' dir='ltr'>supl&#39;a</span> 
     </span>
     <span class='ocr_line' id='line_1_27' title="bbox 146 3325 483 3407; baseline 0.006 -22"><span class='ocrx_word' id='word_1_210' title='bbox 146 3325 271 3407; x_wconf 88' lang='lat' dir='ltr'>notavi;</span> <span class='ocrx_word' id='word_1_211' title='bbox 294 3325 398 3388; x_wconf 89' lang='lat' dir='ltr'>altera</span> <span class='ocrx_word' id='word_1_212' title='bbox 420 3332 483 3388; x_wconf 86' lang='lat' dir='ltr'>est:</span> 
     </span>
    </p>

    <p class='ocr_par' dir='ltr' id='par_1_7' title="bbox 352 3421 1094 3519">
     <span class='ocr_line' id='line_1_28' title="bbox 352 3421 1094 3519; baseline 0.004 -25"><span class='ocrx_word' id='word_1_213' title='bbox 352 3433 385 3494; x_wconf 94' lang='grc' dir='ltr'>τί</span> <span class='ocrx_word' id='word_1_214' title='bbox 404 3434 493 3517; x_wconf 78' lang='grc' dir='ltr'>δῆτα</span> <span class='ocrx_word' id='word_1_215' title='bbox 514 3438 634 3519; x_wconf 86' lang='grc' dir='ltr'>χεῖρες</span> <span class='ocrx_word' id='word_1_216' title='bbox 656 3435 719 3497; x_wconf 80' lang='grc' dir='ltr'>οὐκ</span> <span class='ocrx_word' id='word_1_217' title='bbox 740 3432 779 3496; x_wconf 78' lang='grc' dir='ltr'>ἂν</span> <span class='ocrx_word' id='word_1_218' title='bbox 802 3433 1040 3518; x_wconf 68' lang='grc' dir='ltr'>ἐργασαίατογ</span> <span class='ocrx_word' id='word_1_219' title='bbox 1093 3421 1094 3424; x_wconf 18' lang='lat'>¹</span> 
     </span>
    </p>
   </div>
   <div class='ocr_carea' id='block_1_5' title="bbox 47 3541 1228 3625">
    <p class='ocr_par' dir='ltr' id='par_1_8' title="bbox 47 3541 1228 3625">
     <span class='ocr_line' id='line_1_29' title="bbox 47 3541 1228 3625; baseline -0.003 -21"><span class='ocrx_word' id='word_1_220' title='bbox 47 3576 52 3585; x_wconf 83' lang='lat'><em>·</em></span> <span class='ocrx_word' id='word_1_221' title='bbox 148 3562 242 3624; x_wconf 86' lang='lat' dir='ltr'>quam</span> <span class='ocrx_word' id='word_1_222' title='bbox 264 3541 496 3625; x_wconf 86' lang='lat' dir='ltr'>Aristophanes</span> <span class='ocrx_word' id='word_1_223' title='bbox 519 3544 551 3606; x_wconf 91' lang='lat' dir='ltr'>iu</span> <span class='ocrx_word' id='word_1_224' title='bbox 572 3564 621 3608; x_wconf 82' lang='lat' dir='ltr'>av.</span> <span class='ocrx_word' id='word_1_225' title='bbox 647 3542 724 3604; x_wconf 76' lang='lat'>1147</span> <span class='ocrx_word' id='word_1_226' title='bbox 751 3543 888 3625; x_wconf 65' lang='lat' dir='ltr'>adhibet</span> <span class='ocrx_word' id='word_1_227' title='bbox 910 3546 963 3609; x_wconf 89' lang='lat' dir='ltr'>ubi</span> <span class='ocrx_word' id='word_1_228' title='bbox 983 3541 1228 3610; x_wconf 80' lang='lat' dir='ltr'>antecedentibt</span> 
     </span>
    </p>
   </div>
   <div class='ocr_carea' id='block_1_6' title="bbox 146 3650 1229 4498">
    <p class='ocr_par' dir='ltr' id='par_1_9' title="bbox 147 3650 1228 4062">
     <span class='ocr_line' id='line_1_30' title="bbox 147 3650 1228 3738; baseline 0.006 -28"><span class='ocrx_word' id='word_1_229' title='bbox 147 3650 302 3729; x_wconf 65' lang='lat' dir='ltr'>versibus</span> <span class='ocrx_word' id='word_1_230' title='bbox 326 3651 379 3733; x_wconf 91' lang='lat' dir='ltr'>qui</span> <span class='ocrx_word' id='word_1_231' title='bbox 403 3659 491 3719; x_wconf 87' lang='lat' dir='ltr'>suat:</span> <span class='ocrx_word' id='word_1_232' title='bbox 514 3655 539 3714; x_wconf 82' lang='lat' dir='ltr'>ot</span> <span class='ocrx_word' id='word_1_233' title='bbox 563 3657 651 3736; x_wconf 74' lang='grc' dir='ltr'>χῆνες</span> <span class='ocrx_word' id='word_1_234' title='bbox 674 3651 883 3720; x_wconf 80' lang='grc' dir='ltr'>ὑποτύπτοντες</span> <span class='ocrx_word' id='word_1_235' title='bbox 904 3655 1002 3738; x_wconf 80' lang='grc' dir='ltr'>ὥσπερ</span> <span class='ocrx_word' id='word_1_236' title='bbox 1026 3657 1085 3722; x_wconf 86' lang='grc' dir='ltr'>ταῖς</span> <span class='ocrx_word' id='word_1_237' title='bbox 1107 3651 1186 3735; x_wconf 80' lang='grc' dir='ltr'>ἄμαις</span> <span class='ocrx_word' id='word_1_238' title='bbox 1223 3657 1228 3692; x_wconf 81' lang='lat'><strong>¹</strong></span> 
     </span>
     <span class='ocr_line' id='line_1_31' title="bbox 147 3756 1228 3848; baseline -0.001 -29"><span class='ocrx_word' id='word_1_239' title='bbox 147 3756 198 3825; x_wconf 81' lang='grc' dir='ltr'>τοῖς</span> <span class='ocrx_word' id='word_1_240' title='bbox 219 3758 341 3827; x_wconf 84' lang='grc' dir='ltr'>λεκανὰς</span> <span class='ocrx_word' id='word_1_241' title='bbox 363 3759 517 3846; x_wconf 86' lang='grc' dir='ltr'>ἐνέβαλλον</span> <span class='ocrx_word' id='word_1_242' title='bbox 541 3762 637 3823; x_wconf 80' lang='grc' dir='ltr'>αὐτοῖν</span> <span class='ocrx_word' id='word_1_243' title='bbox 658 3765 714 3823; x_wconf 82' lang='grc' dir='ltr'>τοῖν</span> <span class='ocrx_word' id='word_1_244' title='bbox 738 3762 836 3822; x_wconf 84' lang='grc' dir='ltr'>ποδοῖν</span> <span class='ocrx_word' id='word_1_245' title='bbox 860 3772 992 3848; x_wconf 81' lang='lat' dir='ltr'>propter</span> <span class='ocrx_word' id='word_1_246' title='bbox 1014 3784 1122 3829; x_wconf 85' lang='lat' dir='ltr'>vocem</span> <span class='ocrx_word' id='word_1_247' title='bbox 1143 3758 1228 3821; x_wconf 73' lang='grc' dir='ltr'>ποδῠ</span> 
     </span>
     <span class='ocr_line' id='line_1_32' title="bbox 148 3870 805 3954; baseline 0.005 -24"><span class='ocrx_word' id='word_1_248' title='bbox 148 3887 284 3951; x_wconf 88' lang='lat' dir='ltr'>sequens</span> <span class='ocrx_word' id='word_1_249' title='bbox 307 3889 418 3933; x_wconf 89' lang='lat' dir='ltr'>versus</span> <span class='ocrx_word' id='word_1_250' title='bbox 441 3874 489 3934; x_wconf 88' lang='lat' dir='ltr'>sic</span> <span class='ocrx_word' id='word_1_251' title='bbox 513 3871 651 3954; x_wconf 88' lang='lat' dir='ltr'>scriptus</span> <span class='ocrx_word' id='word_1_252' title='bbox 675 3870 805 3952; x_wconf 81' lang='lat' dir='ltr'>legitur:</span> 
     </span>
     <span class='ocr_line' id='line_1_33' title="bbox 374 3976 1004 4062; baseline 0.005 -23"><span class='ocrx_word' id='word_1_253' title='bbox 374 3979 402 4040; x_wconf 90' lang='grc' dir='ltr'>τί</span> <span class='ocrx_word' id='word_1_254' title='bbox 421 3979 495 4060; x_wconf 75' lang='grc' dir='ltr'>δῆτα</span> <span class='ocrx_word' id='word_1_255' title='bbox 519 3978 607 4045; x_wconf 80' lang='grc' dir='ltr'>πόδες</span> <span class='ocrx_word' id='word_1_256' title='bbox 630 3976 664 4040; x_wconf 78' lang='grc' dir='ltr'>ἂν</span> <span class='ocrx_word' id='word_1_257' title='bbox 687 3978 740 4041; x_wconf 81' lang='grc' dir='ltr'>οὐκ</span> <span class='ocrx_word' id='word_1_258' title='bbox 762 3977 796 4041; x_wconf 78' lang='grc' dir='ltr'>ἂν</span> <span class='ocrx_word' id='word_1_259' title='bbox 820 3979 1004 4062; x_wconf 69' lang='grc' dir='ltr'>ἐργασαίατογ</span> 
     </span>
    </p>

    <p class='ocr_par' dir='ltr' id='par_1_10' title="bbox 146 4068 1229 4387">
     <span class='ocr_line' id='line_1_34' title="bbox 147 4068 1229 4170; baseline 0.004 -23"><span class='ocrx_word' id='word_1_260' title='bbox 147 4091 269 4149; x_wconf 88' lang='lat' dir='ltr'>mutata</span> <span class='ocrx_word' id='word_1_261' title='bbox 291 4105 373 4150; x_wconf 89' lang='lat' dir='ltr'>voce</span> <span class='ocrx_word' id='word_1_262' title='bbox 393 4091 487 4170; x_wconf 82' lang='grc' dir='ltr'>χεῖρες</span> <span class='ocrx_word' id='word_1_263' title='bbox 510 4087 541 4149; x_wconf 89' lang='lat' dir='ltr'>in</span> <span class='ocrx_word' id='word_1_264' title='bbox 563 4085 662 4154; x_wconf 80' lang='grc' dir='ltr'>πόδες.</span> <span class='ocrx_word' id='word_1_265' title='bbox 707 4089 795 4166; x_wconf 87' lang='lat' dir='ltr'>Quae</span> <span class='ocrx_word' id='word_1_266' title='bbox 822 4090 992 4153; x_wconf 83' lang='lat' dir='ltr'>locutionis</span> <span class='ocrx_word' id='word_1_267' title='bbox 1016 4089 1169 4154; x_wconf 84' lang='lat' dir='ltr'>sententia</span> <span class='ocrx_word' id='word_1_268' title='bbox 1191 4068 1229 4145; x_wconf 65' lang='grc'>81</span> 
     </span>
     <span class='ocr_line' id='line_1_35' title="bbox 146 4191 1229 4281; baseline 0.002 -25"><span class='ocrx_word' id='word_1_269' title='bbox 146 4193 269 4259; x_wconf 82' lang='lat' dir='ltr'>Erasm.</span> <span class='ocrx_word' id='word_1_270' title='bbox 292 4214 323 4277; x_wconf 91' lang='lat' dir='ltr'>p.</span> <span class='ocrx_word' id='word_1_271' title='bbox 348 4191 406 4254; x_wconf 79' lang='lat'>621</span> <span class='ocrx_word' id='word_1_272' title='bbox 429 4204 516 4260; x_wconf 90' lang='lat' dir='ltr'>recto</span> <span class='ocrx_word' id='word_1_273' title='bbox 541 4197 587 4260; x_wconf 89' lang='lat' dir='ltr'>sic</span> <span class='ocrx_word' id='word_1_274' title='bbox 612 4199 766 4281; x_wconf 82' lang='lat' dir='ltr'>explicat:</span> <span class='ocrx_word' id='word_1_275' title='bbox 803 4199 881 4262; x_wconf 91' lang='lat' dir='ltr'>nihil</span> <span class='ocrx_word' id='word_1_276' title='bbox 909 4218 980 4264; x_wconf 87' lang='lat' dir='ltr'>esse</span> <span class='ocrx_word' id='word_1_277' title='bbox 1009 4219 1126 4279; x_wconf 88' lang='lat' dir='ltr'>rerum,</span> <span class='ocrx_word' id='word_1_278' title='bbox 1157 4198 1229 4279; x_wconf 76' lang='lat' dir='ltr'>qu&lt;</span> 
     </span>
     <span class='ocr_line' id='line_1_36' title="bbox 147 4302 782 4387; baseline 0.008 -21"><span class='ocrx_word' id='word_1_279' title='bbox 147 4308 223 4384; x_wconf 87' lang='lat' dir='ltr'>arte,</span> <span class='ocrx_word' id='word_1_280' title='bbox 247 4302 333 4387; x_wconf 92' lang='lat' dir='ltr'>quod</span> <span class='ocrx_word' id='word_1_281' title='bbox 356 4302 510 4368; x_wconf 87' lang='lat' dir='ltr'>industria</span> <span class='ocrx_word' id='word_1_282' title='bbox 531 4325 593 4368; x_wconf 89' lang='lat' dir='ltr'>non</span> <span class='ocrx_word' id='word_1_283' title='bbox 616 4306 782 4371; x_wconf 82' lang='lat' dir='ltr'>officiatur.</span> 
     </span>
    </p>

    <p class='ocr_par' dir='ltr' id='par_1_11' title="bbox 247 4413 1229 4498">
     <span class='ocr_line' id='line_1_37' title="bbox 247 4413 1229 4498; baseline 0.003 -22"><span class='ocrx_word' id='word_1_284' title='bbox 247 4413 319 4476; x_wconf 76' lang='lat' dir='ltr'>dam</span> <span class='ocrx_word' id='word_1_285' title='bbox 344 4413 494 4476; x_wconf 86' lang='lat' dir='ltr'>accedam</span> <span class='ocrx_word' id='word_1_286' title='bbox 518 4414 559 4477; x_wconf 87' lang='lat' dir='ltr'>ad</span> <span class='ocrx_word' id='word_1_287' title='bbox 582 4415 758 4480; x_wconf 83' lang='lat' dir='ltr'>locutiones</span> <span class='ocrx_word' id='word_1_288' title='bbox 766 4466 772 4498; x_wconf 84' lang='lat'><em>,</em></span> <span class='ocrx_word' id='word_1_289' title='bbox 808 4435 888 4498; x_wconf 86' lang='lat' dir='ltr'>quac</span> <span class='ocrx_word' id='word_1_290' title='bbox 911 4418 950 4480; x_wconf 88' lang='lat' dir='ltr'>ab</span> <span class='ocrx_word' id='word_1_291' title='bbox 973 4417 1130 4481; x_wconf 90' lang='lat' dir='ltr'>homiuum</span> <span class='ocrx_word' id='word_1_292' title='bbox 1151 4418 1229 4479; x_wconf 77' lang='grc' dir='ltr'>0οο</span> 
     </span>
    </p>
   </div>
   <div class='ocr_carea' id='block_1_7' title="bbox 0 0 1396 5032">
    <p class='ocr_par' dir='ltr' id='par_1_12' title="bbox 0 0 1396 5032">
     <span class='ocr_line' id='line_1_38' title="bbox 0 0 1396 5032; baseline 0 0"><span class='ocrx_word' id='word_1_293' title='bbox 0 0 1396 5032; x_wconf 95' lang='lat' dir='ltr'> </span> 
     </span>
    </p>
   </div>
  </div>
 </body>
</html>
