2866 5176
783 331 824 392 64

352 530 424 597 Hoc
456 534 529 598 loeo
551 534 585 596 in
606 538 740 598 mentem
762 533 838 597 mihi
859 532 948 598 venit
977 531 1162 614 locutionis,
1197 527 1278 614 quae
1313 549 1355 596 ex

253 642 364 706 eodem
385 641 474 706 fonte
492 643 606 706 hausta
626 649 683 724 est,
705 643 738 706 in
760 664 827 706 ran.
850 641 899 724 91,
922 642 975 705 nbi
998 642 1077 705 haec
1099 640 1261 722 leguntur:
1313 684 1316 689 -

453 769 640 851 μειρακύλλια
663 817 670 832 .
694 815 701 830 .
725 818 732 831 .
755 768 917 851 τραγῳδίας
939 769 1075 829 ποιοῦντα

454 873 606 959 Εὐριπίδου
629 876 747 959 πλείνῆ
777 877 912 960 σταδίῳ
941 874 1099 958 λαλίστερα

255 1006 288 1066 et
308 1003 342 1064 in
362 1004 435 1065 nub.
458 1001 528 1084 430,
550 1003 604 1066 ubi
628 1002 830 1087 Strepsiades
853 1003 1029 1067 anubibus
1051 1001 1144 1086 petit,
1167 1008 1202 1066 ut
1222 1000 1356 1065 faculta-

254 1118 317 1174 tem
341 1110 467 1175 dicendi
490 1112 558 1176 sibe
581 1112 658 1177 dent
679 1111 860 1178 maximam:
984 1094 988 1101 ¹

295 1219 320 1280 ὦ
342 1217 496 1302 δέσποιναι,
518 1219 621 1305 δέομαι
641 1221 732 1282 τοίνυν
754 1220 835 1303 ὑμῶν
858 1218 936 1281 τουτὶ
957 1220 1033 1281 τοίνυ
1055 1216 1154 1302 μικρόν
1212 1215 1213 1218 '

296 1330 354 1389 τῶν
373 1323 525 1412 Ἑλλήνων
548 1327 620 1391 εἶναί
639 1354 676 1413 με
698 1329 789 1412 λέγειν
811 1328 940 1391 ἑκατὸν
966 1327 1161 1390 σταδίοισιν
1184 1324 1310 1409 ἄριστον.

355 1452 455 1531 Quam
478 1454 609 1520 difficile
629 1457 721 1520 nobis
744 1456 786 1520 sit
810 1452 1003 1540 dijudicare,
1035 1461 1139 1519 utrum
1167 1452 1359 1536 metaphora

254 1561 359 1627 locum
383 1565 544 1648 proverbii
569 1565 712 1630 obtineat
733 1585 846 1642 neone,
876 1564 970 1648 plane
992 1563 1186 1649 perspicitur
1208 1583 1248 1627 ex
1268 1561 1358 1625 loon·

255 1672 403 1763 tionibus,v
425 1673 559 1756 quaein
581 1695 648 1737 ran.
671 1671 859 1734 99241004
881 1680 1069 1737 occurrunt:

453 1817 523 1878 τιίδε
546 1817 597 1898 μὲν
620 1819 758 1897 λεύσσεις,
780 1817 889 1902 φαίδιμ’
912 1815 1064 1900 Ἀχιλλεῦ.

453 1923 488 1987 σὺ
511 1925 544 1988 δὲ
566 1925 598 2006 τί,
624 1925 695 2011 φέρε
716 1929 787 2008 τρδς
810 1928 900 1988 ταῦτα
922 1925 1027 2008 λέξειςγ
1051 1922 1138 2008 μόνον
1161 1921 1242 1991 ὅπως
1287 1938 1289 1942 ·

455 2035 495 2116 μὴ
519 2034 544 2094 α’
568 2034 584 2095 ὁ
606 2035 699 2120 θυμὸς
721 2035 856 2121 ἁρπάσας

455 2142 539 2211 ἐκτὸς
560 2141 629 2207 σίσει
651 2149 708 2207 τῶν
731 2145 843 2207 ἐλαῶν·

457 2251 536 2314 δεινὰ
557 2251 613 2336 γὰρ
635 2251 846 2339 κατηγόρηκεν·

455 2359 534 2422 ἀλλὰ
558 2360 637 2431 ὅπως
659 2364 684 2426 ὦ
706 2364 838 2444 γεννάδα,

457 2470 497 2552 μὴ
521 2473 591 2553 πρδς
614 2471 700 2554 ὀργὴν
723 2471 885 2555 ἀντιλέξεις,

456 2576 535 2639 ἀλλὰ
557 2579 716 2662 συστείλας,
739 2579 849 2663 ἄκροισι

459 2689 612 2771 χρώμενος
634 2694 690 2758 τοῖς
712 2689 817 2767 ἱστίοις,

457 2793 517 2858 εἶτα
539 2799 652 2879 μᾶλλον
675 2800 787 2880 μᾶλλον
811 2796 896 2882 ἄξεις,

458 2905 504 2967 καὶ
526 2906 671 2991 φυλάξεις,

456 3015 526 3099 ἡνίκ’
549 3014 584 3079 ἂν
606 3016 639 3078 τδ
661 3018 774 3101 πνεῦμα
797 3019 873 3080 λεῖον

455 3125 502 3186 καί
522 3126 701 3210 καθεστηκὸς
726 3124 829 3209 λάβῃς.

256 3253 344 3332 Quae
366 3259 472 3339 verba,
495 3266 662 3343 postquam
683 3260 854 3344 Euripides
876 3257 1000 3322 fabulas
1021 3256 1175 3338 Aeschyli
1197 3255 1360 3340 vitupera·

255 3367 315 3447 vit,
340 3368 454 3432 chorus
477 3369 517 3431 ad
541 3370 731 3454 Aeschylum
754 3386 926 3434 conversus
948 3368 1074 3432 locutus
1097 3373 1159 3447 est,
1183 3366 1361 3430 adhortans

256 3496 296 3540 nc
317 3498 457 3560 purgans
481 3497 533 3558 ea,
567 3499 648 3560 quae
681 3480 742 3543 sibi
775 3479 905 3563 objecta
930 3483 1050 3557 essent,
1085 3475 1302 3540 vehementius
1324 3476 1361 3540 in

256 3584 441 3668 Euripidem
464 3588 675 3652 inveheretur.
719 3590 929 3654 Continentur
948 3587 981 3649 in
1003 3586 1067 3649 illis
1095 3585 1240 3650 versibus
1263 3590 1362 3649 meta·

256 3694 377 3778 phorae
399 3696 494 3777 duae,
529 3717 659 3779 quarum
691 3700 794 3784 prima
826 3705 876 3762 est
909 3696 990 3763 ἐκτὸς
1010 3700 1067 3756 τῶν
1090 3693 1184 3756 ἐλαῶν
1206 3690 1361 3779 φέρεσθαι,

258 3805 361 3868 altera
382 3807 530 3874 συστείλας
552 3786 661 3890 ἄκροισι
682 3808 834 3893 χρώμενος
849 3810 906 3872 τοῖς
928 3804 1023 3871 ἱστίοις
1044 3800 1104 3865 εἶτα
1119 3803 1229 3885 μᾶλλον
1244 3802 1363 3883 μᾶλλον

257 3910 347 3994 dieu,
377 3913 433 3977 illa
455 3937 473 3978 a
496 3917 667 3991 currendo,
701 3919 781 3981 haec
815 3913 1036 3996 enavigando
1056 3913 1166 3997 petita.
1211 3909 1245 3974 Si
1269 3911 1363 3976 seho-

256 4021 421 4085 hastarum
444 4027 665 4090 annotationes
689 4027 849 4105 deessent,
872 4044 934 4087 non
955 4023 1143 4086 haberemus
1165 4040 1205 4084 ex
1227 4040 1290 4102 quo
1312 4020 1362 4085 in·

257 4130 444 4214 telligamus,
466 4140 570 4197 utrum
585 4136 772 4218 metaphora
786 4132 1000 4216 proverbialis
1022 4131 1065 4194 sit
1083 4129 1230 4195 habenda
1244 4124 1361 4197 necne.

259 4238 322 4304 Sed
344 4242 438 4306 valde
460 4243 587 4307 fortuna
609 4244 700 4307 nobis
722 4243 817 4324 favit,
850 4262 930 4326 quae
959 4240 1201 4304 scholiastarum
1230 4245 1364 4304 annota-

257 4349 361 4414 tiones
382 4352 475 4415 nobis
498 4353 684 4434 servaverit,
707 4373 746 4418 ex
769 4354 882 4435 quibus
904 4350 1118 4432 intelligimus,
1143 4349 1278 4432 primam
1300 4369 1364 4438 me·

258 4460 425 4542 taphcram
458 4462 621 4543 proverbii
648 4461 753 4526 locum
782 4461 968 4527 obtinuisse.
1022 4459 1131 4522 Verba
1165 4457 1365 4524 scholiastae
