2782 5032
594 335 615 396 5

506 425 705 433 ..ψ-...-

50 536 226 620 306,460.),
260 540 314 620 qui
346 557 457 602 vooem
483 537 667 620 „adagium‘
701 538 812 602 eadem
835 558 874 602 ex
896 536 998 622 stirpe
1020 536 1153 602 derivat.

49 647 123 710 Non
147 647 277 710 dubium
300 657 356 726 est,
379 648 454 729 quin
477 648 557 711 haee
581 647 624 711 sit
645 656 735 710 reeta
758 647 961 729 etymologia.

154 756 235 818 Tum
257 756 469 838 quaerendum
492 762 549 829 est,
574 756 650 838 quid
672 757 715 819 sit
735 757 939 838 proverbium
962 762 993 819 et
1009 774 1091 836 quae
1111 754 1155 817 lo-

50 866 199 928 cutiones
222 865 387 928 habendae
411 866 474 928 sint
496 866 727 949 proverbiales

154 974 228 1036 dam
251 974 385 1055 Diogen.
409 975 442 1036 in
466 974 566 1055 praef.
591 995 680 1058 prov.
705 977 769 1038 vim
791 973 955 1058 proverbii
979 973 1026 1036 sie
1049 971 1155 1036 defini·

49 1083 111 1146 vit:
135 1082 196 1144 ἐστὶ
218 1081 251 1144 δὲ
272 1083 408 1164 παροιμία
432 1080 537 1164 τρόπος
559 1083 605 1144 καὶ
628 1088 679 1166 τῆς
701 1082 884 1167 καλουμένης
907 1081 1092 1164 ἀλληγορίας·
1116 1081 1154 1144 si·

50 1191 170 1255 militer
192 1191 340 1274 Apostol.
363 1191 394 1253 in
417 1191 517 1274 praef.
542 1213 646 1276 prov.:
682 1193 819 1276 παροιμία
852 1191 911 1254 ἐστὶ
944 1187 1031 1270 λόγος
1058 1189 1154 1251 ἐπικα-

50 1303 170 1362 λύπτων
194 1299 225 1360 τὸ
249 1300 339 1383 σαφὲς
361 1300 487 1384 ἀσαφείᾳ
508 1299 527 1383 ἢ
550 1326 579 1364 π.
604 1300 664 1363 ἐστὶ
686 1302 814 1384 διήγημα
836 1297 1007 1384 παροδικόν,
1033 1296 1053 1379 ἢ
1076 1296 1155 1382 ῥῆμα

49 1407 238 1492 τετριμμένον
261 1414 298 1492 τῇ
320 1410 425 1492 χρήσει
440 1414 498 1471 τῶν
519 1433 552 1491 γε
574 1412 707 1490 πολλῶν,
741 1407 800 1470 ἀπό
821 1433 853 1472 τε
875 1412 981 1492 μικρῶν
1003 1430 1086 1470 τινων
1108 1406 1155 1468 καὶ

51 1518 160 1599 ὀλίγων
194 1518 240 1601 ἐφ’
274 1518 358 1600 ὅμοια
395 1519 488 1581 πλείω
521 1519 568 1580 καὶ
603 1518 691 1601 μείζω
728 1518 950 1601 μεταληφίλῆναι
984 1517 1152 1599 δυνάμενον.

52 1628 158 1691 Etiam
181 1628 343 1710 Tryphon,
366 1628 430 1709 περὶ
451 1625 576 1710 τρόπων,
600 1628 647 1691 ed.
673 1627 791 1710 Speng.
814 1627 863 1690 lll
885 1648 917 1709 p.
943 1624 1000 1686 191
1025 1645 1152 1709 prover-

51 1738 138 1800 bium
161 1739 194 1800 in
217 1756 346 1800 numero
369 1745 532 1820 troporum
555 1738 672 1820 posuit.
717 1735 805 1812 Quae
825 1735 1026 1800 definitiones
1050 1754 1153 1818 quam·

51 1848 100 1910 vis
123 1867 188 1909 non
211 1846 275 1909 sint
297 1846 410 1927 falsae,
443 1855 549 1910 tamen
573 1865 635 1909 non
658 1847 736 1908 satis
758 1846 895 1910 idoneae
916 1845 993 1908 mihi
1016 1863 1087 1908 esse
1110 1843 1153 1905 vi·

53 1956 176 2021 dentur.
211 1955 323 2038 Neque
345 1955 442 2020 faoile
463 1956 512 2017 vis
535 1955 699 2037 proverbii
721 1956 835 2038 paneis
858 1953 1036 2019 definiatur.
1071 1952 1153 2018 Nam

53 2067 189 2149 primum
213 2086 282 2129 mea
304 2067 432 2147 quidem
455 2064 607 2148 opinione
629 2067 662 2126 in
684 2084 813 2127 numero
836 2064 1077 2146 proverbiorum
1099 2082 1153 2145 po·

54 2176 178 2239 nendae
201 2186 274 2238 sunt
294 2175 486 2254 locutionem
520 2194 599 2257 quas
627 2174 723 2255 vulgo
753 2173 968 2254 „sententias“
992 2189 1152 2235 vooamus.

52 2282 237 2348 Sententiae
258 2285 336 2347 nihil
359 2284 446 2347 aliud
467 2284 649 2366 significant
670 2303 763 2365 quam
780 2281 864 2364 quod
887 2302 927 2344 ex
941 2282 1050 2345 verbis
1072 2280 1153 2363 ipsis

51 2393 253 2477 intelligitnr5
277 2413 357 2476 quas
379 2406 414 2457 ut
435 2413 564 2456 numero
587 2392 830 2476 proverbiorum
853 2391 1030 2454 attribuere
1053 2389 1153 2473 possi·

53 2523 128 2583 mus,
152 2521 285 2565 neeesse
308 2509 365 2581 est,
387 2504 419 2565 in
437 2510 556 2566 certam
572 2501 703 2563 formam
720 2520 791 2564 esse
806 2500 955 2564 redactas
978 2512 1073 2583 atque
1092 2498 1153 2560 hae

53 2613 83 2675 in
107 2612 209 2676 forma
231 2612 360 2694 saepius
381 2613 415 2674 in
431 2613 561 2695 seriptis
578 2617 719 2674 veterum
735 2610 827 2672 nobis
843 2627 1023 2673 occurrere.
1060 2604 1152 2682 Quod

55 2722 293 2803 proverbiorum
327 2741 426 2802 genus
460 2741 520 2784 non
555 2719 655 2783 solum
682 2720 714 2782 in
743 2718 869 2782 Graeco
903 2717 960 2781 sed
991 2717 1087 2781 etiam
1119 2716 1152 2777 in

56 2840 162 2892 nostro
186 2848 331 2893 sermone
353 2829 578 2912 pervulgatum
600 2836 659 2893 est.

153 2939 297 3002 Alterius
319 2939 447 3021 generis
470 2947 542 3002 sunt
564 2938 771 3022 metaphorae
793 2956 926 3019 eaeque,
949 2953 1031 3016 quae
1053 2939 1152 2997 tanto·

59 3051 130 3129 pere
150 3048 183 3110 in
206 3068 262 3111 ore
284 3048 372 3130 vulgi
393 3056 541 3112 versatae
561 3048 637 3126 sint,
670 3053 705 3110 ut
731 3065 785 3110 eas
808 3045 957 3127 vulgares
985 3045 1054 3108 sire
1081 3061 1152 3126 pro·

63 3157 212 3221 verbiales
235 3158 446 3241 appellemus3
481 3157 521 3219 ad
541 3157 603 3220 hoo
625 3176 724 3238 genus
747 3155 908 3239 Apostolii
930 3155 1047 3233 verba,
1070 3171 1152 3235 quae

66 3283 151 3347 supra
172 3266 279 3346 attuli,
314 3268 475 3348 pertinere
500 3265 654 3328 videntur.
698 3264 781 3341 Quid
804 3265 847 3327 sit
868 3264 1066 3345 metaphora,
1099 3260 1152 3324 vel

68 3372 91 3432 si
107 3376 203 3438 mavis
225 3376 410 3445 translatio,
439 3374 632 3438 Aristoteles
655 3395 718 3455 περ.
742 3395 836 3455 ποιητ.
859 3370 931 3453 21,4
962 3372 1012 3435 his
1044 3370 1152 3434 verbis

69 3479 160 3547 docet:
195 3483 347 3566 μεταφορὰ
378 3483 412 3545 δέ
438 3483 513 3544 ἐστιν
543 3480 683 3565 ὀνόματος
712 3481 867 3564 ἀλλοτρίου
898 3479 1024 3562 ἐπιφορὰ
1050 3477 1069 3559 ἦ
1093 3477 1151 3538 ἀπὸ

71 3592 226 3673 τοῦγένους
249 3593 295 3654 ἐπὶ
318 3590 401 3675 εἶδος,
424 3592 442 3674 ἢ
466 3590 525 3652 ἀπὸ
548 3593 598 3651 τοῦ
621 3587 716 3656 eidone
738 3589 784 3651 ἐπὶ
805 3590 838 3651 τὸ
860 3588 957 3672 γένος,
979 3587 999 3672 ἤ
1020 3587 1077 3648 ἀπὸ
1100 3589 1152 3648 τοῦ

72 3695 149 3768 eidam
175 3702 220 3764 ἐπὶ
246 3699 336 3775 εἶδος,
369 3700 388 3783 ἢ
416 3699 490 3762 κατὰ
517 3699 549 3760 τὸ
578 3699 729 3779 ἀνάλογον.
784 3699 889 3781 Hujus
922 3698 1048 3780 generis
1082 3707 1154 3759 sunt

73 3805 190 3884 plurima
221 3813 407 3896 proverbia,
443 3812 584 3893 quaein
612 3809 839 3894 Aristophanis
866 3806 1042 3871 comoediis
1068 3806 1153 3869 inve

73 3915 190 3986 niuntur.

156 4030 295 4094 Tertium
329 4030 467 4112 denique
499 4029 653 4112 quaedam
679 4027 857 4092 locutiones
884 4024 1050 4089 addendae
1072 4031 1152 4100 sunt,

75 4149 140 4209 quae
161 4140 303 4222 quamvis
326 4159 428 4221 neque
444 4139 516 4202 loeo
533 4138 760 4202 sententiarum
776 4153 882 4219 neque
896 4134 1152 4217 metaphorarum

75 4237 126 4305 siut
154 4247 331 4326 habendae,
368 4258 471 4311 tamon
507 4267 576 4309 oum
604 4252 692 4311 certa
720 4246 855 4328 quadam
883 4244 985 4309 forma
1013 4243 1076 4306 sint
1098 4241 1151 4305 ad·

77 4350 200 4438 strictae,
233 4357 361 4420 vinculo
385 4356 522 4440 quodam
546 4377 615 4419 oum
637 4355 819 4440 proverbiis
842 4373 1005 4419 connexae
1027 4362 1099 4416 sunt
1121 4357 1153 4414 et

10 4522 12 4535 ,
76 4463 169 4529 uento
191 4466 347 4532 formulae
369 4466 497 4531 dicendi
520 4466 730 4550 appellantur.
