<?xml version="1.0" encoding="UTF-8"?>
<!DOCTYPE html PUBLIC "-//W3C//DTD XHTML 1.0 Transitional//EN"
    "http://www.w3.org/TR/xhtml1/DTD/xhtml1-transitional.dtd">
<html xmlns="http://www.w3.org/1999/xhtml" xml:lang="en" lang="en">
 <head>
  <title>
</title>
<meta http-equiv="Content-Type" content="text/html;charset=utf-8" />
  <meta name='ocr-system' content='tesseract 3.04.00' />
  <meta name='ocr-capabilities' content='ocr_page ocr_carea ocr_par ocr_line ocrx_word'/>
</head>
<body>
  <div class='ocr_page' id='page_1' title='image "./deproverbiisali00baucgoog_0018.png"; bbox 0 0 2782 5032; ppageno 0'>
   <div class='ocr_carea' id='block_1_1' title="bbox 589 370 609 433">
    <p class='ocr_par' dir='ltr' id='par_1_1' title="bbox 589 370 609 433">
     <span class='ocr_line' id='line_1_1' title="bbox 589 370 609 433; baseline 0 0"><span class='ocrx_word' id='word_1_1' title='bbox 589 370 609 433; x_wconf 88' lang='grc'><strong>9</strong></span> 
     </span>
    </p>
   </div>
   <div class='ocr_carea' id='block_1_2' title="bbox 10 569 1210 4596">
    <p class='ocr_par' dir='ltr' id='par_1_2' title="bbox 41 569 1210 1419">
     <span class='ocr_line' id='line_1_2' title="bbox 45 569 1148 660; baseline -0.001 -24"><span class='ocrx_word' id='word_1_2' title='bbox 45 571 86 636; x_wconf 85' lang='lat' dir='ltr'>cf.</span> <span class='ocrx_word' id='word_1_3' title='bbox 122 575 238 658; x_wconf 85' lang='lat' dir='ltr'>Apost.</span> <span class='ocrx_word' id='word_1_4' title='bbox 275 571 346 654; x_wconf 81' lang='grc'><strong>7,92</strong></span> <span class='ocrx_word' id='word_1_5' title='bbox 380 569 513 656; x_wconf 62' lang='lat' dir='ltr'>Appetitur</span> <span class='ocrx_word' id='word_1_6' title='bbox 546 573 662 660; x_wconf 81' lang='grc' dir='ltr'>βλέπειν</span> <span class='ocrx_word' id='word_1_7' title='bbox 695 575 728 638; x_wconf 92' lang='lat' dir='ltr'>in</span> <span class='ocrx_word' id='word_1_8' title='bbox 760 572 907 656; x_wconf 87' lang='lat' dir='ltr'>Append.</span> <span class='ocrx_word' id='word_1_9' title='bbox 941 592 1031 655; x_wconf 88' lang='lat' dir='ltr'>prov.</span> <span class='ocrx_word' id='word_1_10' title='bbox 1067 569 1148 653; x_wconf 85' lang='lat' dir='ltr'>4,2t.</span> 
     </span>
     <span class='ocr_line' id='line_1_3' title="bbox 44 679 1149 767; baseline -0.004 -23"><span class='ocrx_word' id='word_1_11' title='bbox 44 680 165 767; x_wconf 82' lang='grc' dir='ltr'>βλέπειν</span> <span class='ocrx_word' id='word_1_12' title='bbox 187 679 262 766; x_wconf 79' lang='grc' dir='ltr'>Ἄρη</span> <span class='ocrx_word' id='word_1_13' title='bbox 285 683 317 745; x_wconf 94' lang='lat' dir='ltr'>in</span> <span class='ocrx_word' id='word_1_14' title='bbox 340 683 417 766; x_wconf 89' lang='lat' dir='ltr'>plut.</span> <span class='ocrx_word' id='word_1_15' title='bbox 442 681 511 763; x_wconf 75' lang='lat'>328,</span> <span class='ocrx_word' id='word_1_16' title='bbox 533 684 589 746; x_wconf 91' lang='lat' dir='ltr'>ubi</span> <span class='ocrx_word' id='word_1_17' title='bbox 611 683 714 748; x_wconf 83' lang='lat' dir='ltr'>schol:</span> <span class='ocrx_word' id='word_1_18' title='bbox 743 680 880 764; x_wconf 73' lang='grc' dir='ltr'>παροιμία</span> <span class='ocrx_word' id='word_1_19' title='bbox 904 680 1028 742; x_wconf 77' lang='grc' dir='ltr'>ἐπὶτῶν</span> <span class='ocrx_word' id='word_1_20' title='bbox 1052 681 1149 764; x_wconf 82' lang='grc' dir='ltr'>ὑπισχ-</span> 
     </span>
     <span class='ocr_line' id='line_1_4' title="bbox 44 789 1148 874; baseline -0.002 -22"><span class='ocrx_word' id='word_1_21' title='bbox 44 789 197 873; x_wconf 81' lang='grc' dir='ltr'>νουμένων</span> <span class='ocrx_word' id='word_1_22' title='bbox 217 791 299 852; x_wconf 84' lang='grc' dir='ltr'>παντὶ</span> <span class='ocrx_word' id='word_1_23' title='bbox 321 790 417 854; x_wconf 74' lang='grc' dir='ltr'>σθένει</span> <span class='ocrx_word' id='word_1_24' title='bbox 439 795 630 874; x_wconf 77' lang='grc' dir='ltr'>συμπράττειν</span> <span class='ocrx_word' id='word_1_25' title='bbox 658 793 706 855; x_wconf 83' lang='grc' dir='ltr'>καὶ</span> <span class='ocrx_word' id='word_1_26' title='bbox 732 791 915 874; x_wconf 76' lang='grc' dir='ltr'>συναίρεσθαι</span> <span class='ocrx_word' id='word_1_27' title='bbox 940 790 980 856; x_wconf 82' lang='grc' dir='ltr'>εἰς</span> <span class='ocrx_word' id='word_1_28' title='bbox 1002 789 1148 874; x_wconf 63' lang='grc' dir='ltr'>βοήθειαν.</span> 
     </span>
     <span class='ocr_line' id='line_1_5' title="bbox 42 898 1150 986; baseline -0.002 -23"><span class='ocrx_word' id='word_1_29' title='bbox 42 900 141 964; x_wconf 86' lang='lat' dir='ltr'>Aliae</span> <span class='ocrx_word' id='word_1_30' title='bbox 170 908 273 964; x_wconf 88' lang='lat' dir='ltr'>autom</span> <span class='ocrx_word' id='word_1_31' title='bbox 301 902 441 984; x_wconf 86' lang='lat' dir='ltr'>ejusdem</span> <span class='ocrx_word' id='word_1_32' title='bbox 474 904 602 984; x_wconf 83' lang='lat' dir='ltr'>generis</span> <span class='ocrx_word' id='word_1_33' title='bbox 631 903 809 966; x_wconf 87' lang='lat' dir='ltr'>locutiones</span> <span class='ocrx_word' id='word_1_34' title='bbox 840 898 1150 986; x_wconf 84' lang='lat' dir='ltr'>ebA1·ist0ph.i0r·</span> 
     </span>
     <span class='ocr_line' id='line_1_6' title="bbox 42 1005 1210 1093; baseline -0.005 -18"><span class='ocrx_word' id='word_1_35' title='bbox 42 1015 152 1075; x_wconf 72' lang='lat' dir='ltr'>maiae</span> <span class='ocrx_word' id='word_1_36' title='bbox 175 1029 246 1074; x_wconf 80' lang='lat' dir='ltr'>esse</span> <span class='ocrx_word' id='word_1_37' title='bbox 269 1010 430 1091; x_wconf 82' lang='lat' dir='ltr'>videntur,</span> <span class='ocrx_word' id='word_1_38' title='bbox 465 1011 563 1075; x_wconf 80' lang='lat' dir='ltr'>veluti</span> <span class='ocrx_word' id='word_1_39' title='bbox 592 1011 707 1093; x_wconf 81' lang='grc' dir='ltr'>βλέπειν</span> <span class='ocrx_word' id='word_1_40' title='bbox 736 1010 906 1093; x_wconf 75' lang='grc' dir='ltr'>ὀστρακίνδα</span> <span class='ocrx_word' id='word_1_41' title='bbox 929 1009 961 1071; x_wconf 91' lang='lat' dir='ltr'>in</span> <span class='ocrx_word' id='word_1_42' title='bbox 984 1028 1054 1090; x_wconf 86' lang='lat' dir='ltr'>equ.</span> <span class='ocrx_word' id='word_1_43' title='bbox 1078 1005 1148 1069; x_wconf 77' lang='lat'>855.</span> <span class='ocrx_word' id='word_1_44' title='bbox 1207 1046 1210 1051; x_wconf 61' lang='lat'>&gt;</span> 
     </span>
     <span class='ocr_line' id='line_1_7' title="bbox 41 1116 1150 1204; baseline 0.002 -26"><span class='ocrx_word' id='word_1_45' title='bbox 41 1117 89 1202; x_wconf 83' lang='grc' dir='ltr'>βλ.</span> <span class='ocrx_word' id='word_1_46' title='bbox 115 1116 235 1200; x_wconf 80' lang='grc' dir='ltr'>μανικόν</span> <span class='ocrx_word' id='word_1_47' title='bbox 266 1118 313 1180; x_wconf 87' lang='grc' dir='ltr'>καὶ</span> <span class='ocrx_word' id='word_1_48' title='bbox 344 1117 521 1202; x_wconf 76' lang='grc' dir='ltr'>τραγῳδικόν</span> <span class='ocrx_word' id='word_1_49' title='bbox 554 1122 587 1183; x_wconf 91' lang='lat' dir='ltr'>in</span> <span class='ocrx_word' id='word_1_50' title='bbox 619 1121 697 1204; x_wconf 90' lang='lat' dir='ltr'>plut.</span> <span class='ocrx_word' id='word_1_51' title='bbox 724 1120 795 1182; x_wconf 75' lang='grc'>424.</span> <span class='ocrx_word' id='word_1_52' title='bbox 831 1121 876 1204; x_wconf 85' lang='grc' dir='ltr'>βλ.</span> <span class='ocrx_word' id='word_1_53' title='bbox 900 1120 1081 1202; x_wconf 69' lang='grc' dir='ltr'>ναύφρακτον</span> <span class='ocrx_word' id='word_1_54' title='bbox 1116 1117 1150 1180; x_wconf 88' lang='lat' dir='ltr'>in</span> 
     </span>
     <span class='ocr_line' id='line_1_8' title="bbox 41 1225 1150 1311; baseline -0.005 -20"><span class='ocrx_word' id='word_1_55' title='bbox 41 1228 124 1291; x_wconf 73' lang='lat' dir='ltr'>Aah.</span> <span class='ocrx_word' id='word_1_56' title='bbox 149 1226 200 1291; x_wconf 80' lang='grc'>95.</span> <span class='ocrx_word' id='word_1_57' title='bbox 227 1226 366 1311; x_wconf 71' lang='grc' dir='ltr'>πυρρίχην</span> <span class='ocrx_word' id='word_1_58' title='bbox 394 1228 439 1311; x_wconf 84' lang='grc' dir='ltr'>βλ.</span> <span class='ocrx_word' id='word_1_59' title='bbox 462 1229 496 1292; x_wconf 90' lang='lat' dir='ltr'>in</span> <span class='ocrx_word' id='word_1_60' title='bbox 523 1251 572 1293; x_wconf 86' lang='lat' dir='ltr'>aV.</span> <span class='ocrx_word' id='word_1_61' title='bbox 597 1227 691 1310; x_wconf 84' lang='grc'><strong>1169,</strong></span> <span class='ocrx_word' id='word_1_62' title='bbox 719 1231 773 1294; x_wconf 89' lang='lat' dir='ltr'>ubi</span> <span class='ocrx_word' id='word_1_63' title='bbox 805 1228 909 1293; x_wconf 80' lang='lat' dir='ltr'>schol:</span> <span class='ocrx_word' id='word_1_64' title='bbox 948 1225 1080 1291; x_wconf 74' lang='grc' dir='ltr'>ἐνόπλιον</span> <span class='ocrx_word' id='word_1_65' title='bbox 1103 1225 1150 1288; x_wconf 78' lang='grc' dir='ltr'>καί</span> 
     </span>
     <span class='ocr_line' id='line_1_9' title="bbox 42 1334 215 1419; baseline 0.012 -22"><span class='ocrx_word' id='word_1_66' title='bbox 42 1334 215 1419; x_wconf 82' lang='grc' dir='ltr'>πολεμικόν.</span> 
     </span>
    </p>

    <p class='ocr_par' dir='ltr' id='par_1_3' title="bbox 149 1445 501 1512">
     <span class='ocr_line' id='line_1_10' title="bbox 149 1445 501 1512; baseline 0 -2"><span class='ocrx_word' id='word_1_67' title='bbox 149 1445 214 1511; x_wconf 87' lang='lat' dir='ltr'>Sed</span> <span class='ocrx_word' id='word_1_68' title='bbox 237 1447 316 1511; x_wconf 87' lang='lat' dir='ltr'>haec</span> <span class='ocrx_word' id='word_1_69' title='bbox 337 1448 501 1512; x_wconf 85' lang='lat' dir='ltr'>hactenus.</span> 
     </span>
    </p>

    <p class='ocr_par' dir='ltr' id='par_1_4' title="bbox 43 1553 1150 2295">
     <span class='ocr_line' id='line_1_11' title="bbox 146 1553 1150 1642; baseline -0.003 -24"><span class='ocrx_word' id='word_1_70' title='bbox 146 1555 338 1639; x_wconf 75' lang='lat' dir='ltr'>Priusquam</span> <span class='ocrx_word' id='word_1_71' title='bbox 360 1558 520 1622; x_wconf 89' lang='lat' dir='ltr'>rationem</span> <span class='ocrx_word' id='word_1_72' title='bbox 543 1559 714 1642; x_wconf 75' lang='lat' dir='ltr'>explicem,</span> <span class='ocrx_word' id='word_1_73' title='bbox 738 1579 800 1640; x_wconf 90' lang='lat' dir='ltr'>qua</span> <span class='ocrx_word' id='word_1_74' title='bbox 823 1557 862 1622; x_wconf 85' lang='lat' dir='ltr'>de</span> <span class='ocrx_word' id='word_1_75' title='bbox 884 1556 1065 1641; x_wconf 83' lang='lat' dir='ltr'>proverbiis</span> <span class='ocrx_word' id='word_1_76' title='bbox 1089 1553 1150 1616; x_wconf 91' lang='lat' dir='ltr'>dis·</span> 
     </span>
     <span class='ocr_line' id='line_1_12' title="bbox 43 1664 1150 1750; baseline 0 -23"><span class='ocrx_word' id='word_1_77' title='bbox 43 1666 170 1748; x_wconf 89' lang='lat' dir='ltr'>putavi,</span> <span class='ocrx_word' id='word_1_78' title='bbox 199 1665 262 1729; x_wconf 86' lang='lat' dir='ltr'>duo</span> <span class='ocrx_word' id='word_1_79' title='bbox 293 1668 355 1729; x_wconf 92' lang='lat' dir='ltr'>viri</span> <span class='ocrx_word' id='word_1_80' title='bbox 383 1668 649 1733; x_wconf 87' lang='lat' dir='ltr'>commemorandi</span> <span class='ocrx_word' id='word_1_81' title='bbox 672 1675 755 1747; x_wconf 89' lang='lat' dir='ltr'>sunt,</span> <span class='ocrx_word' id='word_1_82' title='bbox 786 1668 840 1750; x_wconf 90' lang='lat' dir='ltr'>qui</span> <span class='ocrx_word' id='word_1_83' title='bbox 865 1665 1016 1729; x_wconf 88' lang='lat' dir='ltr'>nonnulla</span> <span class='ocrx_word' id='word_1_84' title='bbox 1036 1664 1150 1727; x_wconf 86' lang='lat' dir='ltr'>docue-</span> 
     </span>
     <span class='ocr_line' id='line_1_13' title="bbox 45 1773 1150 1860; baseline -0.001 -25"><span class='ocrx_word' id='word_1_85' title='bbox 45 1782 132 1855; x_wconf 88' lang='lat' dir='ltr'>runt,</span> <span class='ocrx_word' id='word_1_86' title='bbox 156 1795 239 1857; x_wconf 88' lang='lat' dir='ltr'>quae</span> <span class='ocrx_word' id='word_1_87' title='bbox 259 1775 300 1838; x_wconf 88' lang='lat' dir='ltr'>ad</span> <span class='ocrx_word' id='word_1_88' title='bbox 322 1777 477 1840; x_wconf 87' lang='lat' dir='ltr'>rationem</span> <span class='ocrx_word' id='word_1_89' title='bbox 500 1778 674 1860; x_wconf 77' lang='lat' dir='ltr'>pertinent,</span> <span class='ocrx_word' id='word_1_90' title='bbox 702 1776 826 1858; x_wconf 90' lang='lat' dir='ltr'>quade</span> <span class='ocrx_word' id='word_1_91' title='bbox 849 1775 1030 1860; x_wconf 74' lang='lat' dir='ltr'>proverbiis</span> <span class='ocrx_word' id='word_1_92' title='bbox 1053 1773 1150 1835; x_wconf 83' lang='lat' dir='ltr'>disse·</span> 
     </span>
     <span class='ocr_line' id='line_1_14' title="bbox 46 1881 1150 1973; baseline -0.002 -29"><span class='ocrx_word' id='word_1_93' title='bbox 46 1884 179 1947; x_wconf 88' lang='lat' dir='ltr'>rendum</span> <span class='ocrx_word' id='word_1_94' title='bbox 203 1885 253 1947; x_wconf 90' lang='lat' dir='ltr'>sit.</span> <span class='ocrx_word' id='word_1_95' title='bbox 296 1885 389 1950; x_wconf 89' lang='lat' dir='ltr'>Alter</span> <span class='ocrx_word' id='word_1_96' title='bbox 416 1905 525 1949; x_wconf 86' lang='lat' dir='ltr'>eorum</span> <span class='ocrx_word' id='word_1_97' title='bbox 552 1887 591 1949; x_wconf 86' lang='lat' dir='ltr'>K.</span> <span class='ocrx_word' id='word_1_98' title='bbox 616 1887 735 1950; x_wconf 88' lang='lat' dir='ltr'>Zellius</span> <span class='ocrx_word' id='word_1_99' title='bbox 761 1887 794 1949; x_wconf 89' lang='lat' dir='ltr'>in</span> <span class='ocrx_word' id='word_1_100' title='bbox 820 1881 1150 1973; x_wconf 53' lang='lat' dir='ltr'>cornmentari0,4qui</span> 
     </span>
     <span class='ocr_line' id='line_1_15' title="bbox 48 1991 1149 2078; baseline -0.001 -24"><span class='ocrx_word' id='word_1_101' title='bbox 48 1992 234 2056; x_wconf 89' lang='lat' dir='ltr'>inscribitur</span> <span class='ocrx_word' id='word_1_102' title='bbox 266 1995 366 2073; x_wconf 78' lang='lat' dir='ltr'>„tiber</span> <span class='ocrx_word' id='word_1_103' title='bbox 402 1994 455 2059; x_wconf 87' lang='lat' dir='ltr'>dic</span> <span class='ocrx_word' id='word_1_104' title='bbox 492 1995 726 2078; x_wconf 82' lang='lat' dir='ltr'>Sprichworter</span> <span class='ocrx_word' id='word_1_105' title='bbox 759 1996 816 2060; x_wconf 89' lang='lat' dir='ltr'>der</span> <span class='ocrx_word' id='word_1_106' title='bbox 850 1994 936 2058; x_wconf 83' lang='lat' dir='ltr'>alten</span> <span class='ocrx_word' id='word_1_107' title='bbox 971 1991 1149 2056; x_wconf 85' lang='lat' dir='ltr'>Grieohcn“</span> 
     </span>
     <span class='ocr_line' id='line_1_16' title="bbox 51 2099 1150 2187; baseline 0 -24"><span class='ocrx_word' id='word_1_108' title='bbox 51 2100 352 2182; x_wconf 79' lang='lat' dir='ltr'>(Feriam-Schriften</span> <span class='ocrx_word' id='word_1_109' title='bbox 374 2105 403 2184; x_wconf 92' lang='lat' dir='ltr'>I,</span> <span class='ocrx_word' id='word_1_110' title='bbox 431 2105 589 2186; x_wconf 78' lang='lat' dir='ltr'>Freiburg</span> <span class='ocrx_word' id='word_1_111' title='bbox 617 2104 709 2187; x_wconf 78' lang='lat'>1836)</span> <span class='ocrx_word' id='word_1_112' title='bbox 734 2128 804 2171; x_wconf 85' lang='lat' dir='ltr'>eam</span> <span class='ocrx_word' id='word_1_113' title='bbox 825 2104 893 2168; x_wconf 81' lang='lat' dir='ltr'>fere</span> <span class='ocrx_word' id='word_1_114' title='bbox 915 2103 1074 2166; x_wconf 88' lang='lat' dir='ltr'>rationem</span> <span class='ocrx_word' id='word_1_115' title='bbox 1096 2099 1150 2163; x_wconf 88' lang='lat' dir='ltr'>do·</span> 
     </span>
     <span class='ocr_line' id='line_1_17' title="bbox 53 2211 1079 2295; baseline 0.001 -22"><span class='ocrx_word' id='word_1_116' title='bbox 53 2211 122 2292; x_wconf 88' lang='lat' dir='ltr'>cuit,</span> <span class='ocrx_word' id='word_1_117' title='bbox 145 2232 241 2295; x_wconf 90' lang='lat' dir='ltr'>quam</span> <span class='ocrx_word' id='word_1_118' title='bbox 263 2233 323 2294; x_wconf 86' lang='lat' dir='ltr'>ego</span> <span class='ocrx_word' id='word_1_119' title='bbox 345 2214 473 2277; x_wconf 90' lang='lat' dir='ltr'>omnino</span> <span class='ocrx_word' id='word_1_120' title='bbox 496 2222 624 2278; x_wconf 90' lang='lat' dir='ltr'>secutus</span> <span class='ocrx_word' id='word_1_121' title='bbox 647 2235 714 2278; x_wconf 88' lang='lat' dir='ltr'>sum</span> <span class='ocrx_word' id='word_1_122' title='bbox 737 2221 770 2279; x_wconf 85' lang='lat' dir='ltr'>et</span> <span class='ocrx_word' id='word_1_123' title='bbox 790 2213 874 2277; x_wconf 80' lang='lat' dir='ltr'>inira</span> <span class='ocrx_word' id='word_1_124' title='bbox 896 2212 1079 2275; x_wconf 80' lang='lat' dir='ltr'>declarabo.</span> 
     </span>
    </p>

    <p class='ocr_par' dir='ltr' id='par_1_5' title="bbox 58 2319 1149 3829">
     <span class='ocr_line' id='line_1_18' title="bbox 147 2319 1149 2406; baseline -0.001 -22"><span class='ocrx_word' id='word_1_125' title='bbox 147 2321 240 2384; x_wconf 89' lang='lat' dir='ltr'>Alter</span> <span class='ocrx_word' id='word_1_126' title='bbox 266 2329 315 2387; x_wconf 90' lang='lat' dir='ltr'>cst</span> <span class='ocrx_word' id='word_1_127' title='bbox 338 2322 600 2405; x_wconf 87' lang='lat' dir='ltr'>Rohdcwaldius,</span> <span class='ocrx_word' id='word_1_128' title='bbox 634 2324 687 2405; x_wconf 91' lang='lat' dir='ltr'>qui</span> <span class='ocrx_word' id='word_1_129' title='bbox 715 2322 901 2406; x_wconf 89' lang='lat' dir='ltr'>opusculum</span> <span class='ocrx_word' id='word_1_130' title='bbox 928 2321 1059 2405; x_wconf 79' lang='lat' dir='ltr'>scripsit</span> <span class='ocrx_word' id='word_1_131' title='bbox 1090 2319 1149 2400; x_wconf 89' lang='lat' dir='ltr'>„de</span> 
     </span>
     <span class='ocr_line' id='line_1_19' title="bbox 58 2431 1148 2516; baseline 0.001 -26"><span class='ocrx_word' id='word_1_132' title='bbox 58 2448 109 2491; x_wconf 89' lang='lat' dir='ltr'>usu</span> <span class='ocrx_word' id='word_1_133' title='bbox 128 2432 373 2514; x_wconf 85' lang='lat' dir='ltr'>proverbiorum</span> <span class='ocrx_word' id='word_1_134' title='bbox 395 2432 479 2516; x_wconf 89' lang='lat' dir='ltr'>apud</span> <span class='ocrx_word' id='word_1_135' title='bbox 501 2433 768 2515; x_wconf 77' lang='lat' dir='ltr'>Aristophanem‘</span> <span class='ocrx_word' id='word_1_136' title='bbox 784 2433 943 2514; x_wconf 81' lang='lat' dir='ltr'>(Progrm.</span> <span class='ocrx_word' id='word_1_137' title='bbox 961 2431 1017 2495; x_wconf 86' lang='lat' dir='ltr'>des</span> <span class='ocrx_word' id='word_1_138' title='bbox 1035 2431 1148 2512; x_wconf 84' lang='lat' dir='ltr'>Gymn.</span> 
     </span>
     <span class='ocr_line' id='line_1_20' title="bbox 61 2539 1148 2627; baseline 0.003 -29"><span class='ocrx_word' id='word_1_139' title='bbox 61 2558 92 2599; x_wconf 87' lang='lat' dir='ltr'>uu</span> <span class='ocrx_word' id='word_1_140' title='bbox 113 2539 345 2623; x_wconf 84' lang='lat' dir='ltr'>Borgsteinfurt</span> <span class='ocrx_word' id='word_1_141' title='bbox 368 2539 472 2623; x_wconf 71' lang='lat'>1857),</span> <span class='ocrx_word' id='word_1_142' title='bbox 496 2562 558 2624; x_wconf 91' lang='lat' dir='ltr'>quo</span> <span class='ocrx_word' id='word_1_143' title='bbox 575 2542 724 2627; x_wconf 80' lang='lat' dir='ltr'>explicat,</span> <span class='ocrx_word' id='word_1_144' title='bbox 741 2541 899 2625; x_wconf 85' lang='lat' dir='ltr'>quomodo</span> <span class='ocrx_word' id='word_1_145' title='bbox 918 2539 1091 2623; x_wconf 90' lang='lat' dir='ltr'>proverbia</span> <span class='ocrx_word' id='word_1_146' title='bbox 1107 2539 1148 2601; x_wconf 91' lang='lat' dir='ltr'>ab</span> 
     </span>
     <span class='ocr_line' id='line_1_21' title="bbox 64 2648 1148 2736; baseline 0 -26"><span class='ocrx_word' id='word_1_147' title='bbox 64 2648 265 2733; x_wconf 79' lang='lat' dir='ltr'>Aristophane</span> <span class='ocrx_word' id='word_1_148' title='bbox 288 2650 431 2714; x_wconf 87' lang='lat' dir='ltr'>adhibita</span> <span class='ocrx_word' id='word_1_149' title='bbox 453 2652 526 2714; x_wconf 88' lang='lat' dir='ltr'>sint.</span> <span class='ocrx_word' id='word_1_150' title='bbox 571 2651 661 2715; x_wconf 90' lang='lat' dir='ltr'>Duae</span> <span class='ocrx_word' id='word_1_151' title='bbox 686 2652 841 2735; x_wconf 86' lang='lat' dir='ltr'>imprimis</span> <span class='ocrx_word' id='word_1_152' title='bbox 869 2658 976 2736; x_wconf 89' lang='lat' dir='ltr'>partes</span> <span class='ocrx_word' id='word_1_153' title='bbox 1000 2650 1148 2712; x_wconf 83' lang='lat' dir='ltr'>disserta·</span> 
     </span>
     <span class='ocr_line' id='line_1_22' title="bbox 65 2755 1147 2844; baseline 0.005 -28"><span class='ocrx_word' id='word_1_154' title='bbox 65 2755 146 2820; x_wconf 89' lang='lat' dir='ltr'>tionis</span> <span class='ocrx_word' id='word_1_155' title='bbox 168 2767 247 2839; x_wconf 90' lang='lat' dir='ltr'>sunt,</span> <span class='ocrx_word' id='word_1_156' title='bbox 271 2780 402 2842; x_wconf 91' lang='lat' dir='ltr'>quarum</span> <span class='ocrx_word' id='word_1_157' title='bbox 425 2759 463 2822; x_wconf 85' lang='lat' dir='ltr'>in·</span> <span class='ocrx_word' id='word_1_158' title='bbox 480 2760 582 2823; x_wconf 87' lang='lat' dir='ltr'>altera</span> <span class='ocrx_word' id='word_1_159' title='bbox 604 2760 644 2824; x_wconf 89' lang='lat' dir='ltr'>de</span> <span class='ocrx_word' id='word_1_160' title='bbox 660 2761 840 2844; x_wconf 88' lang='lat' dir='ltr'>proverbiis</span> <span class='ocrx_word' id='word_1_161' title='bbox 857 2760 1039 2842; x_wconf 87' lang='lat' dir='ltr'>disputavit,</span> <span class='ocrx_word' id='word_1_162' title='bbox 1064 2776 1147 2841; x_wconf 87' lang='lat' dir='ltr'>quae</span> 
     </span>
     <span class='ocr_line' id='line_1_23' title="bbox 68 2862 1148 2952; baseline 0.006 -28"><span class='ocrx_word' id='word_1_163' title='bbox 68 2862 93 2924; x_wconf 91' lang='lat' dir='ltr'>in</span> <span class='ocrx_word' id='word_1_164' title='bbox 115 2868 283 2931; x_wconf 88' lang='lat' dir='ltr'>comoediis</span> <span class='ocrx_word' id='word_1_165' title='bbox 309 2869 435 2952; x_wconf 86' lang='lat' dir='ltr'>integra</span> <span class='ocrx_word' id='word_1_166' title='bbox 457 2869 671 2951; x_wconf 85' lang='lat' dir='ltr'>inveniuntur,</span> <span class='ocrx_word' id='word_1_167' title='bbox 702 2871 735 2933; x_wconf 90' lang='lat' dir='ltr'>in</span> <span class='ocrx_word' id='word_1_168' title='bbox 768 2870 872 2934; x_wconf 87' lang='lat' dir='ltr'>altera</span> <span class='ocrx_word' id='word_1_169' title='bbox 905 2871 944 2933; x_wconf 87' lang='lat' dir='ltr'>de</span> <span class='ocrx_word' id='word_1_170' title='bbox 978 2869 1031 2948; x_wconf 77' lang='lat' dir='ltr'>iic,</span> <span class='ocrx_word' id='word_1_171' title='bbox 1066 2886 1148 2948; x_wconf 90' lang='lat' dir='ltr'>quae</span> 
     </span>
     <span class='ocr_line' id='line_1_24' title="bbox 68 2972 1148 3061; baseline 0.005 -29"><span class='ocrx_word' id='word_1_172' title='bbox 68 2972 280 3061; x_wconf 78' lang='lat' dir='ltr'>Aristophanes</span> <span class='ocrx_word' id='word_1_173' title='bbox 306 2984 391 3042; x_wconf 90' lang='lat' dir='ltr'>tcctc</span> <span class='ocrx_word' id='word_1_174' title='bbox 418 2977 614 3060; x_wconf 83' lang='lat' dir='ltr'>significavit</span> <span class='ocrx_word' id='word_1_175' title='bbox 639 2987 671 3043; x_wconf 85' lang='lat' dir='ltr'>et</span> <span class='ocrx_word' id='word_1_176' title='bbox 697 2979 787 3061; x_wconf 90' lang='lat' dir='ltr'>quasi</span> <span class='ocrx_word' id='word_1_177' title='bbox 814 2979 846 3040; x_wconf 90' lang='lat' dir='ltr'>in</span> <span class='ocrx_word' id='word_1_178' title='bbox 872 2980 1009 3043; x_wconf 89' lang='lat' dir='ltr'>transitu</span> <span class='ocrx_word' id='word_1_179' title='bbox 1030 2977 1148 3041; x_wconf 86' lang='lat' dir='ltr'>leviter</span> 
     </span>
     <span class='ocr_line' id='line_1_25' title="bbox 69 3082 1148 3170; baseline 0.006 -28"><span class='ocrx_word' id='word_1_180' title='bbox 69 3082 164 3164; x_wconf 85' lang='lat' dir='ltr'>tetigit.</span> <span class='ocrx_word' id='word_1_181' title='bbox 210 3085 403 3170; x_wconf 82' lang='lat' dir='ltr'>Quamquam</span> <span class='ocrx_word' id='word_1_182' title='bbox 427 3108 546 3151; x_wconf 85' lang='lat' dir='ltr'>surnmo</span> <span class='ocrx_word' id='word_1_183' title='bbox 569 3088 674 3151; x_wconf 89' lang='lat' dir='ltr'>studio</span> <span class='ocrx_word' id='word_1_184' title='bbox 697 3089 813 3169; x_wconf 87' lang='lat' dir='ltr'>docuit,</span> <span class='ocrx_word' id='word_1_185' title='bbox 837 3090 907 3170; x_wconf 87' lang='lat' dir='ltr'>quis</span> <span class='ocrx_word' id='word_1_186' title='bbox 931 3089 974 3152; x_wconf 91' lang='lat' dir='ltr'>sit</span> <span class='ocrx_word' id='word_1_187' title='bbox 987 3107 1062 3150; x_wconf 88' lang='lat' dir='ltr'>usus</span> <span class='ocrx_word' id='word_1_188' title='bbox 1077 3105 1148 3170; x_wconf 90' lang='lat' dir='ltr'>pro-</span> 
     </span>
     <span class='ocr_line' id='line_1_26' title="bbox 70 3193 1148 3282; baseline 0.01 -31"><span class='ocrx_word' id='word_1_189' title='bbox 70 3193 240 3280; x_wconf 88' lang='lat' dir='ltr'>verbiorum,</span> <span class='ocrx_word' id='word_1_190' title='bbox 262 3206 367 3261; x_wconf 87' lang='lat' dir='ltr'>tamcn</span> <span class='ocrx_word' id='word_1_191' title='bbox 389 3197 482 3277; x_wconf 86' lang='lat' dir='ltr'>ratic,</span> <span class='ocrx_word' id='word_1_192' title='bbox 506 3218 600 3278; x_wconf 88' lang='lat' dir='ltr'>quam</span> <span class='ocrx_word' id='word_1_193' title='bbox 612 3205 660 3261; x_wconf 90' lang='lat' dir='ltr'>cst</span> <span class='ocrx_word' id='word_1_194' title='bbox 675 3198 846 3282; x_wconf 86' lang='lat' dir='ltr'>ingressus,</span> <span class='ocrx_word' id='word_1_195' title='bbox 866 3200 992 3264; x_wconf 91' lang='lat' dir='ltr'>omnino</span> <span class='ocrx_word' id='word_1_196' title='bbox 1008 3198 1148 3262; x_wconf 90' lang='lat' dir='ltr'>nondum</span> 
     </span>
     <span class='ocr_line' id='line_1_27' title="bbox 70 3307 1147 3389; baseline 0.014 -32"><span class='ocrx_word' id='word_1_197' title='bbox 70 3308 288 3387; x_wconf 86' lang='lat' dir='ltr'>comprobanda</span> <span class='ocrx_word' id='word_1_198' title='bbox 314 3313 370 3370; x_wconf 88' lang='lat' dir='ltr'>est.</span> <span class='ocrx_word' id='word_1_199' title='bbox 417 3307 497 3370; x_wconf 86' lang='lat' dir='ltr'>Tum</span> <span class='ocrx_word' id='word_1_200' title='bbox 525 3307 659 3389; x_wconf 86' lang='lat' dir='ltr'>demum,</span> <span class='ocrx_word' id='word_1_201' title='bbox 694 3328 764 3371; x_wconf 87' lang='lat' dir='ltr'>cum</span> <span class='ocrx_word' id='word_1_202' title='bbox 797 3310 901 3371; x_wconf 88' lang='lat' dir='ltr'>omnia</span> <span class='ocrx_word' id='word_1_203' title='bbox 935 3329 975 3372; x_wconf 84' lang='lat' dir='ltr'>cx</span> <span class='ocrx_word' id='word_1_204' title='bbox 1003 3311 1147 3372; x_wconf 82' lang='lat' dir='ltr'>omnibus</span> 
     </span>
     <span class='ocr_line' id='line_1_28' title="bbox 70 3410 1147 3502; baseline 0.014 -37"><span class='ocrx_word' id='word_1_205' title='bbox 70 3410 261 3493; x_wconf 85' lang='lat' dir='ltr'>scriptoribus</span> <span class='ocrx_word' id='word_1_206' title='bbox 282 3417 454 3500; x_wconf 87' lang='lat' dir='ltr'>proverbia</span> <span class='ocrx_word' id='word_1_207' title='bbox 477 3417 614 3480; x_wconf 90' lang='lat' dir='ltr'>collecta</span> <span class='ocrx_word' id='word_1_208' title='bbox 641 3424 736 3499; x_wconf 86' lang='lat' dir='ltr'>atque</span> <span class='ocrx_word' id='word_1_209' title='bbox 758 3419 920 3502; x_wconf 84' lang='lat' dir='ltr'>explicata</span> <span class='ocrx_word' id='word_1_210' title='bbox 952 3419 1147 3498; x_wconf 74' lang='lat' dir='ltr'>habebimur,</span> 
     </span>
     <span class='ocr_line' id='line_1_29' title="bbox 70 3510 1148 3611; baseline 0.007 -29"><span class='ocrx_word' id='word_1_211' title='bbox 70 3510 92 3574; x_wconf 76' lang='lat' dir='ltr'>lS</span> <span class='ocrx_word' id='word_1_212' title='bbox 111 3531 224 3599; x_wconf 83' lang='lat' dir='ltr'>gratum</span> <span class='ocrx_word' id='word_1_213' title='bbox 244 3526 363 3590; x_wconf 88' lang='lat' dir='ltr'>subibit</span> <span class='ocrx_word' id='word_1_214' title='bbox 383 3526 539 3606; x_wconf 84' lang='lat' dir='ltr'>laborem,</span> <span class='ocrx_word' id='word_1_215' title='bbox 569 3527 623 3608; x_wconf 86' lang='lat' dir='ltr'>qui</span> <span class='ocrx_word' id='word_1_216' title='bbox 646 3527 834 3610; x_wconf 85' lang='lat' dir='ltr'>explicabit,</span> <span class='ocrx_word' id='word_1_217' title='bbox 863 3527 1022 3611; x_wconf 89' lang='lat' dir='ltr'>quomodo</span> <span class='ocrx_word' id='word_1_218' title='bbox 1045 3548 1064 3590; x_wconf 92' lang='lat' dir='ltr'>a</span> <span class='ocrx_word' id='word_1_219' title='bbox 1087 3528 1148 3590; x_wconf 89' lang='lat' dir='ltr'>sin·</span> 
     </span>
     <span class='ocr_line' id='line_1_30' title="bbox 71 3624 1147 3718; baseline 0.001 -20"><span class='ocrx_word' id='word_1_220' title='bbox 71 3624 138 3698; x_wconf 68' lang='lat' dir='ltr'>Allis</span> <span class='ocrx_word' id='word_1_221' title='bbox 158 3635 364 3717; x_wconf 88' lang='lat' dir='ltr'>scriptoribus</span> <span class='ocrx_word' id='word_1_222' title='bbox 388 3637 560 3718; x_wconf 88' lang='lat' dir='ltr'>proverbia</span> <span class='ocrx_word' id='word_1_223' title='bbox 583 3637 647 3700; x_wconf 89' lang='lat' dir='ltr'>sint</span> <span class='ocrx_word' id='word_1_224' title='bbox 668 3637 820 3699; x_wconf 87' lang='lat' dir='ltr'>adhibita.</span> <span class='ocrx_word' id='word_1_225' title='bbox 864 3637 902 3699; x_wconf 87' lang='lat' dir='ltr'>ld</span> <span class='ocrx_word' id='word_1_226' title='bbox 925 3636 1051 3700; x_wconf 89' lang='lat' dir='ltr'>veroin</span> <span class='ocrx_word' id='word_1_227' title='bbox 1068 3637 1147 3699; x_wconf 91' lang='lat' dir='ltr'>vitio</span> 
     </span>
     <span class='ocr_line' id='line_1_31' title="bbox 71 3741 1148 3829; baseline 0.011 -32"><span class='ocrx_word' id='word_1_228' title='bbox 71 3741 226 3809; x_wconf 86' lang='lat' dir='ltr'>ponendum</span> <span class='ocrx_word' id='word_1_229' title='bbox 250 3753 310 3823; x_wconf 88' lang='lat' dir='ltr'>est,</span> <span class='ocrx_word' id='word_1_230' title='bbox 345 3743 430 3827; x_wconf 88' lang='lat' dir='ltr'>quod</span> <span class='ocrx_word' id='word_1_231' title='bbox 451 3744 490 3807; x_wconf 88' lang='lat' dir='ltr'>R.</span> <span class='ocrx_word' id='word_1_232' title='bbox 513 3765 617 3828; x_wconf 89' lang='lat' dir='ltr'>neque</span> <span class='ocrx_word' id='word_1_233' title='bbox 648 3746 891 3808; x_wconf 85' lang='lat' dir='ltr'>scholiastarum</span> <span class='ocrx_word' id='word_1_234' title='bbox 914 3767 1017 3827; x_wconf 88' lang='lat' dir='ltr'>neque</span> <span class='ocrx_word' id='word_1_235' title='bbox 1039 3766 1148 3829; x_wconf 84' lang='lat' dir='ltr'>paroc-</span> 
     </span>
    </p>

    <p class='ocr_par' dir='ltr' id='par_1_6' title="bbox 10 3840 1154 4161">
     <span class='ocr_line' id='line_1_32' title="bbox 73 3840 1154 3938; baseline 0.006 -26"><span class='ocrx_word' id='word_1_236' title='bbox 73 3840 304 3935; x_wconf 75' lang='lat' dir='ltr'>uiographorum</span> <span class='ocrx_word' id='word_1_237' title='bbox 326 3855 481 3917; x_wconf 88' lang='lat' dir='ltr'>rationem</span> <span class='ocrx_word' id='word_1_238' title='bbox 504 3855 582 3917; x_wconf 87' lang='lat' dir='ltr'>satis</span> <span class='ocrx_word' id='word_1_239' title='bbox 604 3855 727 3935; x_wconf 72' lang='lat' dir='ltr'>babuit,</span> <span class='ocrx_word' id='word_1_240' title='bbox 751 3856 805 3936; x_wconf 87' lang='lat' dir='ltr'>qni</span> <span class='ocrx_word' id='word_1_241' title='bbox 829 3876 898 3919; x_wconf 86' lang='lat' dir='ltr'>curn</span> <span class='ocrx_word' id='word_1_242' title='bbox 924 3856 955 3918; x_wconf 90' lang='lat' dir='ltr'>in</span> <span class='ocrx_word' id='word_1_243' title='bbox 974 3875 1154 3938; x_wconf 59' lang='lat' dir='ltr'>agnoscen-x</span> 
     </span>
     <span class='ocr_line' id='line_1_33' title="bbox 74 3943 1148 4048; baseline 0.021 -42"><span class='ocrx_word' id='word_1_244' title='bbox 74 3943 112 4011; x_wconf 87' lang='lat' dir='ltr'>dis</span> <span class='ocrx_word' id='word_1_245' title='bbox 130 3963 301 4037; x_wconf 88' lang='lat' dir='ltr'>proverbiis</span> <span class='ocrx_word' id='word_1_246' title='bbox 323 3971 472 4027; x_wconf 83' lang='lat' dir='ltr'>auctores</span> <span class='ocrx_word' id='word_1_247' title='bbox 495 3964 586 4026; x_wconf 89' lang='lat' dir='ltr'>nobis</span> <span class='ocrx_word' id='word_1_248' title='bbox 610 3964 687 4043; x_wconf 89' lang='lat' dir='ltr'>sint,</span> <span class='ocrx_word' id='word_1_249' title='bbox 721 3965 847 4027; x_wconf 87' lang='lat' dir='ltr'>silentio</span> <span class='ocrx_word' id='word_1_250' title='bbox 875 3985 937 4028; x_wconf 91' lang='lat' dir='ltr'>non</span> <span class='ocrx_word' id='word_1_251' title='bbox 965 3979 1037 4028; x_wconf 87' lang='lat' dir='ltr'>sunt</span> <span class='ocrx_word' id='word_1_252' title='bbox 1060 3985 1148 4048; x_wconf 89' lang='lat' dir='ltr'>prae·</span> 
     </span>
     <span class='ocr_line' id='line_1_34' title="bbox 10 4061 204 4161; baseline 0.052 -36"><span class='ocrx_word' id='word_1_253' title='bbox 10 4152 14 4161; x_wconf 30' lang='grc' dir='ltr'>Ι</span> <span class='ocrx_word' id='word_1_254' title='bbox 75 4061 204 4134; x_wconf 73' lang='lat' dir='ltr'>ereutii.</span> 
     </span>
    </p>

    <p class='ocr_par' dir='ltr' id='par_1_7' title="bbox 76 4178 1149 4596">
     <span class='ocr_line' id='line_1_35' title="bbox 154 4178 1148 4264; baseline 0.004 -22"><span class='ocrx_word' id='word_1_255' title='bbox 154 4178 226 4244; x_wconf 80' lang='lat' dir='ltr'>(lum</span> <span class='ocrx_word' id='word_1_256' title='bbox 253 4182 353 4262; x_wconf 85' lang='lat' dir='ltr'>igitur</span> <span class='ocrx_word' id='word_1_257' title='bbox 378 4181 533 4263; x_wconf 89' lang='lat' dir='ltr'>imprimis</span> <span class='ocrx_word' id='word_1_258' title='bbox 560 4201 692 4245; x_wconf 81' lang='lat' dir='ltr'>necesse</span> <span class='ocrx_word' id='word_1_259' title='bbox 718 4182 772 4264; x_wconf 88' lang='lat' dir='ltr'>sit,</span> <span class='ocrx_word' id='word_1_260' title='bbox 806 4183 910 4246; x_wconf 87' lang='lat' dir='ltr'>ornnia</span> <span class='ocrx_word' id='word_1_261' title='bbox 936 4203 974 4246; x_wconf 83' lang='lat' dir='ltr'>ex</span> <span class='ocrx_word' id='word_1_262' title='bbox 1003 4183 1148 4247; x_wconf 89' lang='lat' dir='ltr'>omnibus</span> 
     </span>
     <span class='ocr_line' id='line_1_36' title="bbox 76 4279 1148 4373; baseline 0.006 -24"><span class='ocrx_word' id='word_1_263' title='bbox 76 4279 259 4364; x_wconf 75' lang='lat' dir='ltr'>Sclt&#39;ptoribus</span> <span class='ocrx_word' id='word_1_264' title='bbox 281 4291 455 4373; x_wconf 90' lang='lat' dir='ltr'>proverbia</span> <span class='ocrx_word' id='word_1_265' title='bbox 477 4290 644 4372; x_wconf 83' lang='lat' dir='ltr'>colligere,</span> <span class='ocrx_word' id='word_1_266' title='bbox 672 4291 740 4354; x_wconf 89' lang='lat' dir='ltr'>sive</span> <span class='ocrx_word' id='word_1_267' title='bbox 763 4292 939 4372; x_wconf 88' lang='lat' dir='ltr'>scriptores</span> <span class='ocrx_word' id='word_1_268' title='bbox 961 4293 1087 4373; x_wconf 85' lang='lat' dir='ltr'>integra</span> <span class='ocrx_word' id='word_1_269' title='bbox 1109 4312 1148 4355; x_wconf 89' lang='lat' dir='ltr'>ea</span> 
     </span>
     <span class='ocr_line' id='line_1_37' title="bbox 77 4383 1147 4483; baseline 0.017 -38"><span class='ocrx_word' id='word_1_270' title='bbox 77 4383 268 4481; x_wconf 82' lang='lat' dir='ltr'>adhibuerunt,</span> <span class='ocrx_word' id='word_1_271' title='bbox 292 4400 360 4463; x_wconf 85' lang='lat' dir='ltr'>sive</span> <span class='ocrx_word' id='word_1_272' title='bbox 383 4400 556 4481; x_wconf 84' lang='lat' dir='ltr'>tetigerunt</span> <span class='ocrx_word' id='word_1_273' title='bbox 572 4408 701 4479; x_wconf 90' lang='lat' dir='ltr'>tantum,</span> <span class='ocrx_word' id='word_1_274' title='bbox 724 4401 950 4483; x_wconf 82' lang='lat' dir='ltr'>Aristophanis</span> <span class='ocrx_word' id='word_1_275' title='bbox 973 4400 1147 4465; x_wconf 87' lang='lat' dir='ltr'>comoediis</span> 
     </span>
     <span class='ocr_line' id='line_1_38' title="bbox 79 4494 1149 4596; baseline 0.007 -29"><span class='ocrx_word' id='word_1_276' title='bbox 79 4494 226 4572; x_wconf 69' lang='lat' dir='ltr'>tractandis</span> <span class='ocrx_word' id='word_1_277' title='bbox 247 4528 378 4596; x_wconf 87' lang='lat' dir='ltr'>operam</span> <span class='ocrx_word' id='word_1_278' title='bbox 400 4508 475 4575; x_wconf 85' lang='lat' dir='ltr'>dedi</span> <span class='ocrx_word' id='word_1_279' title='bbox 497 4515 592 4593; x_wconf 89' lang='lat' dir='ltr'>atque</span> <span class='ocrx_word' id='word_1_280' title='bbox 614 4529 684 4575; x_wconf 86' lang='lat' dir='ltr'>eam</span> <span class='ocrx_word' id='word_1_281' title='bbox 705 4509 790 4575; x_wconf 90' lang='lat' dir='ltr'>viam</span> <span class='ocrx_word' id='word_1_282' title='bbox 812 4529 879 4575; x_wconf 87' lang='lat' dir='ltr'>sum</span> <span class='ocrx_word' id='word_1_283' title='bbox 901 4511 1080 4595; x_wconf 82' lang='lat' dir='ltr'>ingressus,</span> <span class='ocrx_word' id='word_1_284' title='bbox 1113 4516 1149 4575; x_wconf 92' lang='lat' dir='ltr'>ut</span> 
     </span>
    </p>
   </div>
   <div class='ocr_carea' id='block_1_3' title="bbox 0 0 1404 5032">
    <p class='ocr_par' dir='ltr' id='par_1_8' title="bbox 0 0 1404 5032">
     <span class='ocr_line' id='line_1_39' title="bbox 0 0 1404 5032; baseline 0 0"><span class='ocrx_word' id='word_1_285' title='bbox 0 0 1404 5032; x_wconf 95' lang='lat' dir='ltr'> </span> 
     </span>
    </p>
   </div>
  </div>
 </body>
</html>
