2866 5176
689 314 728 377 68

161 517 291 583 metrias
314 517 535 602 vituperavit);
567 518 621 581 ubi
644 519 833 584 scholiastes
855 517 936 582 haee
959 510 1059 581 addit:
1089 514 1262 600 παραλείπει

163 627 196 689 δὲ
218 625 299 710 ὅμως
322 625 368 688 καὶ
389 625 476 692 αὐτὸς
508 627 566 708 (se.
589 626 781 710 Demetrius)
816 625 860 688 ὅτι
881 626 965 688 οὐδὲν
993 625 1080 708 ἧττον
1107 624 1185 707 παρὰ
1208 625 1262 707 τὴν

162 734 298 798 ὑπόνοιαν
321 733 428 818 εἴρηται
450 733 509 796 ἀντὶ
528 737 579 796 τοῦ
606 731 692 819 Κῷος
714 731 791 802 Κῖος.
846 736 925 798 Tria
957 735 1055 816 igitur
1088 735 1127 800 de
1153 736 1264 818 patria

84 906 87 911 .
163 844 369 910 Theramenis
391 845 510 908 tradita
532 851 616 926 sunt;
641 851 737 928 atque
758 865 841 908 nuno
863 843 1098 923 dijudicandum
1115 850 1171 925 est,
1196 864 1262 927 quo

162 954 235 1018 louo
254 961 347 1018 natus
369 952 472 1033 fuerit,
494 965 598 1017 utrum
619 954 651 1016 in
673 953 777 1017 insula
799 953 866 1017 (loo
889 949 1012 1037 (Κῷος),
1039 973 1079 1016 an
1100 953 1133 1016 in
1154 953 1263 1016 insula

163 1061 244 1127 Ohio
267 1058 374 1144 (Χῖος),
398 1063 491 1125 auin
514 1062 617 1126 insula
639 1062 705 1126 Oea
728 1059 835 1145 (Κεῖος,
860 1062 952 1144 eujus
968 1064 1057 1125 voois
1078 1061 1180 1125 forma
1195 1063 1263 1125 vul-

164 1172 251 1255 garis
275 1176 324 1236 est
345 1167 438 1252 Κῖος).
483 1171 574 1257 Quae
607 1172 647 1235 ad
681 1171 885 1254 dijudicanda
911 1172 1017 1253 magni
1040 1177 1089 1234 est
1111 1171 1264 1235 momenti

164 1281 249 1362 quod
271 1280 501 1364 Aristophanes
525 1282 631 1346 verbis
647 1281 680 1343 οὐ
704 1276 775 1347 Χῖος
797 1280 874 1342 ἀλλὰ
889 1275 975 1347 Κεῖος
990 1280 1168 1345 locutiones
1190 1280 1265 1344 atti-

164 1390 219 1473 git,
242 1409 324 1473 quae
347 1410 387 1454 ex
408 1389 545 1454 ludendo
568 1391 642 1454 talis
665 1395 754 1454 ortae
777 1398 857 1454 sunt.

265 1498 404 1581 Singulis
428 1499 510 1578 enim
531 1498 666 1563 talorum
683 1499 824 1580 jactibus
849 1499 975 1561 nomina
997 1503 1099 1578 erant,
1128 1518 1264 1580 quorum

164 1607 226 1671 duo
261 1608 369 1672 sunto
392 1604 463 1676 Χῖος
485 1605 573 1690 βόλος
600 1613 632 1672 et
653 1607 668 1668 ὁ
691 1602 778 1690 Κῷος
794 1605 893 1692 βόλος,
927 1626 1009 1690 quae
1043 1605 1159 1671 Suidas
1182 1627 1206 1671 S.
1231 1629 1262 1672 v.

165 1717 212 1780 sic
235 1717 389 1801 explieat:
425 1716 512 1798 ὁμὲν
534 1716 589 1801 γὰρ
612 1715 683 1785 Χῖος
706 1717 825 1779 ἐδύνατο
848 1715 897 1796 ἓν,
930 1714 1001 1776 obt
1023 1710 1110 1799 Κῷος
1131 1713 1173 1784 ἕξ.
1220 1715 1262 1780 cl.

164 1825 286 1890 Pollno.
310 1823 408 1907 7,205.
432 1824 526 1906 9,100
547 1835 579 1890 et
600 1827 692 1891 Phot.
727 1825 865 1903 Quorum
889 1826 941 1908 qui
965 1820 1051 1908 Κῷος
1073 1827 1263 1907 vocabatur,

165 1955 299 2017 prosper
319 1935 503 2016 habebatur,
527 1937 580 2018 qui
592 1932 672 2017 Χῖος,
694 1956 757 2000 non
779 1953 924 2018 prosper.
957 1933 1035 1998 Inde
1058 1935 1264 2016 proverbium

165 2050 268 2107 ortum
290 2049 351 2123 est,
386 2044 472 2127 quod
495 2053 544 2108 est
575 2040 647 2112 Χῖος
680 2042 830 2126 παραστὰς
862 2039 948 2126 Κῷον
971 2041 1024 2104 οὐκ
1049 2024 1201 2126 ἐῷλέγειν
1232 2044 1265 2107 in

165 2156 249 2238 App.
273 2155 312 2235 V,
334 2150 375 2215 28
398 2154 449 2218 vel
471 2148 558 2237 Κῷος
580 2153 652 2236 πρὸς
666 2153 742 2216 Χῖον
761 2174 811 2236 ap.
836 2152 953 2217 Zenob.
971 2151 1027 2231 IV,
1050 2149 1090 2211 74
1112 2159 1145 2215 et
1166 2151 1263 2234 Diog.

164 2261 203 2342 V,
227 2260 275 2343 70,
298 2264 352 2326 ubi
373 2263 453 2327 haec
475 2282 579 2347 pauca
598 2269 732 2328 tantum:
769 2261 837 2324 ὅταν
870 2261 1011 2323 ἐλάττονα
1043 2258 1115 2341 πρὸς
1145 2259 1266 2341 μείζονά

164 2391 204 2437 τις
224 2370 410 2454 παραβάλλῃ.
455 2372 515 2435 Vis
533 2373 703 2436 locutionis
725 2372 805 2436 haee
828 2377 890 2436 est:
915 2391 984 2434 oum
1007 2369 1034 2432 is
1053 2369 1171 2450 jactus,
1197 2390 1264 2452 quo

165 2481 287 2544 numeri
310 2500 388 2544 unus
411 2488 443 2545 et
465 2501 525 2545 sex
543 2482 631 2544 missi
655 2486 758 2562 erant,
792 2479 871 2544 nihil
892 2479 1030 2560 valeret,
1053 2479 1264 2562 proverbium

166 2588 205 2653 de
228 2589 274 2653 eis
296 2589 469 2670 dicebatur,
493 2590 547 2671 qui
562 2590 599 2652 in
622 2591 718 2654 tantis
745 2589 836 2653 malis
858 2597 1070 2668 versarentur,
1094 2603 1129 2651 ut
1150 2607 1266 2669 quam-

164 2698 214 2761 vis
237 2698 359 2781 aliquid
381 2718 536 2783 prospere
558 2700 767 2763 successisset
786 2699 841 2778 eis,
863 2706 969 2762 tamen
991 2717 1030 2761 ea
1052 2696 1092 2760 de
1110 2715 1146 2760 re
1166 2717 1266 2780 prop-

164 2811 214 2871 ter
235 2808 412 2872 molestiam
434 2829 538 2872 rerum
565 2807 818 2872 adversariarum
852 2806 992 2889 gaudere
1024 2826 1087 2869 non
1119 2813 1265 2888 possent.

164 2914 285 2992 Quibus
308 2918 476 3002 expositis
504 2937 543 2982 ea
564 2937 615 2982 res
638 2939 701 2980 nun
724 2916 798 2980 mibi
822 2914 1019 3000 exploranda
1042 2920 1098 2996 est,
1122 2914 1199 2997 quid
1223 2915 1266 2980 de

162 3024 212 3088 bis
233 3025 362 3091 ludendi
383 3026 458 3090 talis
479 3025 692 3090 locutionibus
715 3026 856 3109 depromi
880 3025 984 3108 possit
1005 3025 1045 3087 ad
1068 3024 1266 3108 explicanda

163 3133 227 3198 ista
247 3136 346 3199 verba
367 3134 400 3196 ot
425 3131 494 3201 Χῖος
513 3134 590 3196 ἀλλά
611 3130 707 3202 Κεῖος.

263 3242 410 3324 Constat,
443 3251 565 3308 reotam
589 3265 660 3310 esse
687 3244 855 3308 lectionem
885 3239 971 3310 Κεῖος
993 3243 1045 3306 vel
1068 3237 1151 3324 Κῖος,
1185 3243 1266 3325 quia

163 3351 225 3415 oud
245 3351 285 3414 V.
308 3355 442 3436 praebet
462 3348 555 3434 Κεῖος,
579 3354 675 3419 celeri
696 3348 775 3420 Κῐος.
818 3353 924 3416 Etiam
938 3352 1138 3416 llusthatium
1151 3351 1267 3416 leutio

163 3480 234 3525 nem
256 3456 341 3529 Κεῖος
362 3461 489 3544 legisse,
511 3470 647 3545 apparet
668 3482 708 3527 ex
729 3461 827 3526 sohol.
844 3461 903 3526 Od.
921 3464 958 3525 A.
977 3459 1108 3542 restes
1130 3460 1163 3522 οὐ
1179 3456 1265 3543 Χῖος,

162 3676 240 3741 ἀλλὰ
259 3676 429 3764 παρῷδηται
450 3679 506 3742 ὑπὸ
529 3682 578 3742 τοῦ
601 3683 738 3764 κωμικοῦ.
793 3679 864 3756 Qua
889 3699 924 3743 re
948 3679 1195 3760 demonstratur,
1228 3686 1266 3744 ut

162 3787 246 3853 infra
268 3788 451 3866 ridebimus,
477 3790 615 3873 patriam
637 3789 843 3853 Theramenis
858 3787 957 3852 fuisse
976 3788 1110 3852 insulam
1133 3786 1265 3870 (lenm,

162 3897 353 3980 praesertim
376 3917 445 3961 oum
469 3897 591 3962 scholia
612 3899 683 3962 eod.
704 3898 743 3979 V,
766 3919 846 3981 quae
869 3898 989 3981 optimu
1013 3897 1148 3961 omnium
1170 3917 1266 3980 prae·

162 4012 212 4071 ter
235 4005 304 4070 uod.
326 4005 357 4069 R
377 4007 525 4072 habenda
557 4014 641 4087 sunt,
673 4007 733 4071 bae
756 4009 788 4071 in
819 4006 924 4071 insula
956 4027 1025 4071 eum
1054 4012 1160 4069 natum
1189 4024 1266 4072 esse

162 4114 311 4180 referant.
1316 4113 1320 4122 '

261 4223 353 4288 Nunc
372 4223 441 4308 jam
455 4225 628 4307 videamus,
651 4226 808 4308 quomodo
828 4228 929 4291 rerba
943 4225 977 4287 οὐ
993 4220 1065 4290 Χῖος
1080 4222 1159 4285 ἀλλὰ
1174 4217 1266 4296 Κεῖος

162 4333 414 4417 interpretemur.
458 4335 575 4400 Notum
598 4343 658 4417 est,
692 4334 858 4400 fortumam
887 4333 1076 4401 Therameni
1098 4333 1196 4401 valde
1219 4335 1266 4400 fa·

161 4443 256 4526 visse,
280 4457 314 4508 ut
335 4463 375 4508 ex
396 4452 511 4529 poetae
532 4444 638 4509 verbis
657 4443 860 4526 intelligitur:
