2782 5032
585 343 623 405 13

44 541 118 603 tur?
154 541 281 619 Quare
303 543 470 626 docemur,
493 545 683 610 scholiastes
705 552 739 610 ct
760 546 1066 631 paroemiographos
1088 566 1151 612 non

44 670 157 715 omnes
184 652 364 718 locutiones
396 661 540 731 notassc;
578 665 775 739 quapropter
807 675 990 737 caveamuS,
1024 676 1063 721 no
1096 676 1150 720 eas

43 768 168 823 tanturn
191 762 370 827 locutiones
387 764 459 828 loco
475 764 638 848 proverbii
653 765 833 845 habeamus,
857 783 936 847 quas
957 765 1150 828 scholiastae

44 871 392 955 paroemiographique
414 880 617 953 notaverunt3
640 873 698 937 sed
720 874 748 936 si
770 894 833 956 qua
849 874 968 937 locutio
985 874 1149 956 proverbii

44 979 189 1060 speciem
212 960 373 1064 praebeat,
396 983 458 1047 etsi
479 983 661 1048 testimonia
683 989 824 1046 veterum
848 981 1006 1062 deficiant,
1035 1002 1076 1047 ne
1098 983 1150 1046 du·

42 1087 193 1167 bitemus,
217 1101 304 1155 certe
325 1098 429 1156 tamen
452 1113 521 1156 cam
545 1111 799 1156 commemorare.

151 1198 185 1261 ln
207 1201 302 1264 rebus
323 1201 482 1264 hominum
505 1201 634 1265 divitias
656 1201 784 1263 maximi
807 1219 879 1264 esse
908 1201 1066 1282 momenti,
1099 1222 1149 1266 ve·

43 1304 104 1369 luti
133 1328 250 1372 nervos
279 1330 383 1374 rerum
410 1311 562 1391 omnium,
596 1309 714 1374 Graeci
740 1309 802 1372 hoc
829 1309 1000 1393 proverbio
1030 1310 1150 1374 elocuti

45 1423 133 1479 sunt:
158 1415 211 1477 ὅντ’
235 1417 407 1502 ἀργύριον
429 1412 466 1502 ᾗ,
489 1421 600 1481 πάντα
615 1419 673 1480 θεῖ
692 1418 925 1497 καλαύνεται,
948 1417 1039 1501 cujus
1056 1426 1150 1501 poeta

45 1525 236 1589 mentionem
270 1526 349 1590 facit
380 1529 412 1591 in
446 1528 563 1593 eccles.
589 1526 746 1590 105-9:

247 1654 351 1715 τούτου
373 1677 407 1734 γε
430 1652 520 1715 τοίνυν
543 1655 594 1737 τὴν
616 1654 752 1717 ἐπιοῦσαν
775 1653 885 1738 ἡμέραν

247 1760 384 1844 τόλμημα
416 1765 570 1846 τολμῶμεν
599 1766 736 1825 τοσοῦτον
764 1764 877 1845 οὕνεκα,

246 1868 280 1953 ἤν
303 1895 366 1938 πως
397 1872 576 1956 παραλαβεῖν
598 1876 650 1954 τῆς
672 1871 788 1939 πόλεως
803 1872 849 1933 -τὰ
872 1873 1026 1955 πράγματα

246 1979 400 2062 ὀονώμεθζ
424 1981 493 2043 ὥστ
518 1979 628 2061 ἀγαθόν
651 2005 675 2042 α
697 1981 873 2065 πρᾶξαιτὴν
897 1979 993 2042 colu·

244 2093 291 2151 νῦν
315 2087 443 2172 μὲνγὰρ
466 2086 533 2152 οὔτε
556 2089 663 2173 θέομεν
686 2087 745 2151 οὔτ’
768 2089 937 2172 ἐλαύνομεν.

150 2205 202 2269 Sic
216 2206 388 2288 loquuntur
403 2208 560 2288 mulieres
583 2229 664 2290 qnae
679 2228 782 2272 rerum
798 2209 959 2291 petiturae
974 2215 1054 2288 sunt,
1077 2227 1148 2289 que·

64 2320 163 2394 rentes,
185 2335 285 2398 usque
308 2316 348 2378 ad
371 2316 404 2379 id
427 2322 552 2400 tempus
573 2337 607 2380 se
628 2318 659 2379 in
683 2316 809 2379 sumeris
831 2316 967 2380 miseriis
989 2335 1060 2379 esse
1082 2336 1149 2380 ver·

67 2427 150 2503 satas3
179 2426 262 2506 quod
296 2425 350 2488 illo
385 2426 557 2508 proverbio
588 2425 785 2508 eloquuntm.
834 2425 984 2489 Doricam
1017 2425 1148 2488 sormam

69 2531 280 2609 conjunctionis
303 2532 356 2595 ὅκα
379 2535 520 2598 restituit
540 2535 703 2598 Bentleius
725 2555 784 2618 pro
812 2532 830 2596 ὅ
851 2535 876 2595 κ’
899 2532 1032 2617 ἀργύριον
1054 2534 1149 2598 libro·

68 2653 136 2721 τινας
155 2643 293 2706 Atticam
314 2644 449 2726 legimus
471 2643 503 2707 in
537 2645 629 2729 epist.
653 2645 792 2708 Aristeu.
830 2644 855 2725 1,
881 2642 920 2703 14
948 2642 1002 2726 (cf.
1026 2643 1146 2708 adnott.

69 2744 100 2805 td
114 2749 218 2834 Apost.
238 2751 284 2831 12,
299 2751 368 2836 56);
393 2753 460 2815 ἀλλ’
484 2751 533 2813 ἐὰν
557 2751 690 2837 ἀργύριον
713 2777 738 2814 ν..
761 2775 785 2816 τ.
810 2753 836 2816 λ.
871 2751 1026 2816 Similiter
1040 2752 1149 2817 Petro·

68 2853 125 2918 nius
144 2863 228 2924 satir.
254 2861 327 2927 137:

197 3005 347 3088 Quisquis
369 3006 466 3069 habet
486 3025 637 3087 nummosi,
660 3025 773 3071 secura
795 3004 926 3087 naviget
948 3026 1034 3087 aura,

195 3115 431 3197 Fortunamque
453 3135 510 3178 suo
534 3123 693 3198 temperet
714 3115 858 3178 arbitrio.

149 3246 208 3313 Vel
233 3249 266 3312 in
293 3250 443 3313 amicitiis
472 3250 681 3313 conciliandis
707 3250 850 3314 homines
878 3269 1036 3334 persaepe
1066 3248 1144 3312 divi·

70 3344 161 3418 tiarum
181 3366 301 3423 tanturn
323 3360 479 3423 rationem
501 3358 626 3438 habere,
650 3359 794 3424 Graecos
817 3380 879 3423 non
895 3359 1015 3441 effugit,
1036 3366 1071 3421 ut
1092 3363 1143 3421 cst

69 3452 94 3515 in
111 3469 286 3542 proverbio:

150 3579 192 3659 μή
216 3600 272 3658 μοι
294 3574 361 3638 τότ’
386 3574 515 3660 ἔλθῃς,
538 3577 620 3639 ὅταν
644 3577 712 3659 ἐγὼ
735 3579 882 3660 πράττω
905 3579 1036 3645 καλῶς·
1054 3576 1145 3659 cujus

10 3702 12 3777 ἱ
70 3672 276 3768 Aristophanes
299 3686 441 3750 meminit
473 3686 505 3747 in
533 3708 583 3750 av.
608 3685 682 3767 134,
715 3687 851 3750 ridicule
872 3688 970 3753 καλῶς
993 3687 1025 3748 in
1048 3690 1146 3751 κακῶς

10 3782 12 3817 ³
71 3791 180 3875 nuuc,
212 3816 304 3878 quem
325 3795 430 3859 locum
453 3795 641 3860 scholiastes
669 3797 716 3859 sio
747 3796 901 3878 explicat:
936 3794 1074 3877 παροιμία
1100 3793 1146 3856 ἐπὶ

71 3892 114 3952 rto
133 3902 166 3985 μὴ
186 3903 406 3988 συνερχομένων
433 3909 491 3973 τοῖς
518 3905 611 3989 φίλοις
637 3905 666 3966 ἐν
692 3905 844 3973 κινδύνοις·
878 3904 971 3975 παίζει
998 3904 1031 3965 δὲ
1057 3904 1087 3970 ἐς
1113 3906 1145 3964 τὸ

72 3993 179 4077 ἐναντίον.
221 4015 322 4077 Miror
355 4014 440 4096 quod
473 4035 491 4077 a
524 4015 820 4099 paroemiographis
853 4014 914 4076 hoc
941 4014 1144 4096 proverbium

72 4125 118 4174 n011
136 4131 310 4188 annotatum
333 4134 390 4187 est.
435 4124 522 4187 Bene
545 4123 694 4186 Erasmus
717 4123 820 4204 Adag.
844 4144 874 4206 p.
896 4120 937 4183 84
959 4143 1017 4186 nos
1040 4122 1145 4186 admo·

72 4227 118 4301 flet
137 4229 262 4296 similem
285 4232 474 4297 sententiam
497 4233 653 4297 contineri
675 4233 709 4296 in
731 4253 798 4295 ran.
820 4229 880 4294 oet

342 4367 554 4447 μετακυλίνδειν
577 4365 664 4428 αὑτὸν
688 4366 733 4427 ἀεί

342 4475 414 4558 πρὸς
435 4474 485 4538 τὸν
507 4471 540 4537 εὖ
560 4476 722 4558 πράττοντα
743 4476 857 4559 τεῦχον,
