2866 5176
624 315 822 412 „ll-

277 515 326 580 De
349 516 404 595 eis,
428 516 482 599 qni
507 515 624 581 frustra
646 518 789 583 laborem
812 516 1019 600 susciperent,
1041 514 1214 580 dicebatur
1236 514 1281 578 lo·

177 624 262 688 cutio
290 624 390 686 λίθον
426 623 534 709 ἕψεις,
569 646 650 710 quae
672 627 704 689 in
726 647 814 709 vesp.
838 623 900 689 ‘280
922 625 1069 704 occurrit,
1092 624 1146 687 ubi
1170 622 1279 688 schol:

176 733 313 817 παροιμία
335 732 369 795 δέ
391 733 463 795 ἐστιν
486 733 531 796 ἐπὶ
559 740 615 796 τῶν
639 734 790 797 ἀδυνάτων
811 732 946 815 γενέσθαι
968 735 1000 795 cd
1031 732 1131 796 λίθον
1161 731 1279 817 ἕψεις,

177 844 217 908 ὡς
238 841 339 904 καὶτὸ
362 842 510 906 πλίνθον
532 844 674 912 πλύνεις
696 843 742 905 καὶ
764 844 905 927 χύτραν
931 843 1134 911 ποικίλλεις
1155 841 1205 904 καὶ
1227 840 1281 910 είς

176 949 269 1033 ὕδωρ
300 952 444 1035 γράφεις
471 951 517 1014 καὶ
534 951 685 1015 Αἰθίοπα
715 952 909 1018 λευκαίνεις
932 949 1078 1015 καὶκατὰ
1098 951 1282 1014 θάλατταν

176 1064 345 1143 σπείρεις,
381 1081 474 1144 quam
506 1061 696 1127 locutionem
731 1062 794 1143 jam
816 1060 997 1144 Theognidi
1029 1068 1136 1125 notam
1168 1060 1284 1143 fuisse,

176 1169 294 1234 docent
316 1191 435 1253 versus,
459 1171 514 1254 qui
537 1179 609 1235 sunt
629 1192 679 1255 ap.
702 1170 819 1253 Bergk.
842 1170 862 1234 l.
887 1191 914 1234 c.
939 1168 1076 1237 105-6:

346 1321 461 1391 δειλοὺς
483 1318 515 1383 εὖ
538 1321 646 1405 ἕρθυντι
669 1323 847 1405 ματαιστάτη
869 1323 951 1407 χάρις
972 1321 1061 1384 ἐστίν·

346 1427 406 1492 ἴσον
428 1431 475 1493 καὶ
503 1431 660 1512 σπείρειν
686 1427 814 1493 πόντον
841 1431 926 1498 ἁλὸς
952 1433 1086 1514 πολιῆς.

178 1582 303 1647 Similes
329 1582 507 1647 locutiones
541 1584 663 1648 notavit
686 1583 803 1647 Zenob.
826 1582 883 1664 VJ,
905 1579 946 1643 48
979 1581 1091 1665 χαμαὶ
1123 1581 1284 1667 ἀντλεῖς,

177 1691 287 1774 φακὸν
310 1690 463 1763 κύπτεις,
486 1693 519 1755 in
541 1701 619 1756 nott.
644 1693 713 1756 orit.
739 1691 779 1755 ad
802 1692 830 1754 h.
854 1691 891 1756 λε
914 1691 1097 1753 θάλασσαν
1123 1689 1285 1775 ἀντλεῐς,

178 1800 229 1863 cui
252 1808 419 1884 cognatum
443 1811 491 1866 est
517 1804 648 1865 verbum
680 1803 714 1865 in
742 1822 811 1883 equ.
833 1798 911 1863 830:
944 1799 1185 1868 θαλασσοκοπεῖς.
1232 1801 1286 1865 Ex

176 1914 240 1972 not.
265 1911 334 1974 crit.
371 1911 411 1974 ad
437 1911 555 1975 Zenob.
588 1911 627 1993 V,
653 1909 693 1972 27
719 1911 780 1975 hae
807 1917 879 1973 sunt
912 1908 1090 1974 addendae:
1124 1908 1177 1976 εἰς
1211 1911 1285 1992 πῦρ

176 2018 312 2098 ηαίνεις,
340 2017 415 2080 κατὰ
436 2023 572 2103 πετρῶν
595 2020 761 2102 σπείρεις,
789 2017 829 2086 εἰς
853 2015 1004 2099 οὐρανὸν
1031 2015 1213 2100 caiatiam
1241 2038 1286 2083 ex

175 2125 270 2209 Diog.
293 2127 317 2208 Ι,
339 2127 394 2193 4ὁε
417 2127 573 2190 Αἰθίοπα
595 2129 759 2212 σμήχεις,
782 2125 851 2188 ὠὸν
874 2125 1052 2209 (Schottius
1073 2124 1177 2210 ἀσκόν)
1207 2126 1283 2190 τίλ·
1328 2122 1331 2127 ’

176 2236 264 2314 λεις,
292 2239 404 2320 φυσᾶν
435 2236 586 2300 δίκτυον.
611 2236 650 2301 cf.
673 2238 796 2300 Erasm.
818 2258 850 2320 p.
876 2235 943 2299 118.

275 2377 312 2440 In
333 2397 406 2461 eos,
441 2380 494 2462 qui
517 2400 628 2445 secure
651 2380 772 2466 aliquid
799 2387 911 2462 agunt,
944 2377 1093 2463 nulloque
1126 2377 1284 2446 obstante

180 2491 383 2552 assecuturos
407 2508 441 2554 se
470 2510 555 2573 esse,
589 2490 673 2571 quod
696 2489 809 2570 velint,
841 2493 970 2572 putant,
1004 2486 1122 2551 dicitur
1153 2487 1282 2555 locutio

174 2590 309 2679 ἐρήμας
331 2600 473 2682 τρυγᾶν,
497 2619 540 2662 so.
565 2597 721 2681 ἀμπέλους,
743 2599 776 2662 in
797 2618 885 2681 vesp.
904 2595 1035 2679 134-5,
1059 2604 1091 2662 et
1111 2596 1144 2661 in
1159 2598 1282 2664 cocles,

177 2701 328 2789 884-7,
361 2707 416 2770 ubi
449 2729 540 2771 auum
561 2707 728 2790 lascivam,
763 2712 835 2771 ante
863 2706 993 2789 januam
1019 2711 1193 2771 amatorem
1227 2728 1283 2773 ex·

175 2819 372 2897 spectantem
396 2824 427 2880 et
448 2816 661 2897 ignorantem,
694 2817 832 2900 puellam
865 2816 993 2881 adstare
1023 2823 1119 2898 atque
1141 2816 1283 2882 eundem

179 2929 301 3005 petere,
323 2925 430 3009 puella
452 2925 501 2989 his
523 2926 629 2990 verbis
652 2925 791 2990 allocuta
813 2934 875 2990 est:
1229 2941 1231 2944 ⁴

346 3069 393 3128 νῦν
417 3066 468 3150 μέν
492 3091 528 3149 με
550 3067 724 3153 παρκύψασα
745 3065 908 3152 προῦφθης,
927 3067 1075 3151 danapri,

272 3244 274 3248 ,
345 3173 407 3260 ιμ”υυ
430 3176 461 3238 δ’
486 3174 617 3259 ἐρέμας
639 3176 674 3239 ού
696 3174 844 3260 παρούσης
866 3175 970 3239 ἐνθάδε

343 3284 414 3368 ἐμοῦ
436 3286 627 3369 τρυγήσειν
650 3285 697 3348 καὶ
718 3284 913 3369 προςάξεσθαί
931 3307 991 3348 τινα

340 3391 465 3476 η’δουσα.

170 3535 220 3599 De
242 3534 366 3617 origine
385 3537 550 3620 proverbii
573 3537 612 3601 ci.
636 3537 734 3602 schol.
759 3538 828 3602 cod.
850 3538 896 3602 V:
919 3535 1035 3600 ἔστιδὲ
1058 3535 1115 3597 ἀπὸ
1137 3538 1196 3597 τῶν
1224 3535 1279 3607 τὰς

171 3642 321 3726 ἀμπέλους
352 3646 516 3727 τηρούντων
549 3644 754 3730 ἀφροντίστως.
809 3647 923 3710 Mirum
957 3654 1018 3728 est,
1051 3645 1134 3730 quod
1169 3667 1278 3733 neque

169 3753 449 3838 paroemiographi
478 3775 579 3838 neque
613 3755 833 3840 lexicographi
866 3755 960 3838 hujus
992 3756 1157 3840 proverbii
1192 3778 1278 3823 men-

169 3861 287 3927 tionem
310 3860 440 3927 iaciunt.

266 4004 318 4068 ,lle
334 4003 512 4071 hominibus
528 4006 647 4071 timidis
663 4006 835 4072 nonnullae
849 4007 1029 4072 locutiones
1049 4007 1081 4071 in
1096 4027 1154 4084 usu
1171 4006 1276 4092 erant

164 4132 299 4194 quarum
338 4135 431 4180 unam
461 4117 595 4199 legimus
617 4118 650 4180 in
681 4137 749 4180 ran.
783 4115 936 4197 484-5,
968 4116 1023 4179 ubi
1044 4116 1204 4183 Xanthias
1234 4120 1277 4185 ad

157 4221 329 4288 Bacchum
352 4227 503 4309 pavidum
525 4245 696 4291 conversus
719 4225 813 4290 dicit:
841 4225 865 4287 ὦ
889 4225 990 4309 χρυσοὶ
1012 4224 1075 4289 θεολ

194 4328 328 4397 ἐνταῦθ’
352 4334 432 4422 ἔχεις
453 4337 503 4422 τὴν
526 4337 656 4421 nopotem
680 4342 712 4400 et
732 4335 891 4401 Bacchus:
915 4332 1032 4396 δείσασα
1054 4332 1108 4418 ηάρ
1215 4398 1218 4403 .

185 4439 223 4511 εἷς
246 4443 325 4535 τὴν
349 4448 431 4514 κάτω
454 4471 507 4536 μου
530 4446 661 4512 κοιλίαν
680 4444 912 4528 καθείρπυσεν
935 4445 993 4526 (so,
1017 4444 1036 4527 ἡ
1058 4441 1186 4527 καρδία).
