2866 5176
604 363 643 425 37

522 452 722 461 *—

70 564 102 626 ἐν
119 559 241 650 Ἐφέσῳ
263 563 297 627 δὲ
318 565 463 650 Λάκωνες,
485 589 544 652 pro
565 568 674 633 verbis
698 567 731 629 δὲ
749 567 888 635 Λάκωνες
908 566 1077 649 legendum
1100 586 1172 632 esse

69 674 97 736 δ’
120 674 291 757 ἀλώπεκας,
325 696 395 739 curn
417 677 490 740 voci
520 676 634 744 λέοντες
660 697 724 742 non
748 676 896 755 Λάκωνες,
931 675 987 740 sed
1021 675 1172 743 ἀλώπεκες

68 784 252 868 oppositum
274 785 328 865 sit,
358 792 506 870 apparet3
540 807 634 869 quam
657 785 909 850 emendationem
931 785 1171 867 comprobatam

67 892 178 956 inveni
200 914 219 956 a
239 893 413 958 Lentschio
436 894 469 957 in
492 895 611 960 adnott.
634 895 676 957 ad
697 894 736 958 G.
760 893 795 958 G.
819 895 861 959 M.
887 894 913 974 1,
936 891 986 956 83.
1031 893 1170 958 Comme·

67 1014 194 1065 morant
214 1002 277 1066 hoc
299 1005 502 1086 proverbium
525 1003 648 1068 Aelian.
676 1024 742 1067 var.
769 1003 842 1067 hist.
866 1003 956 1085 XIII,
977 1001 1008 1066 9.
1042 1003 1067 1064 οἱ
1090 1003 1114 1064 δ’
1138 1003 1170 1065 ἐκ

67 1114 121 1192 τῆς
139 1106 285 1180 Ἑλλάδος
314 1111 427 1181 λέοντες
460 1112 489 1174 ἐν
512 1109 632 1196 Ἐφέσῳ
663 1110 808 1194 γεγόνασιν
842 1112 995 1178 ἀλώπεκες
1027 1119 1060 1176 et
1086 1112 1170 1177 Plut.

66 1221 101 1283 in
124 1240 263 1303 compar.
286 1222 360 1303 Lys.
385 1243 411 1287 c.
436 1221 538 1288 Sulla:
560 1219 630 1283 οἴκοι
653 1218 776 1302 λέοντες,
799 1208 829 1282 ἐν
852 1220 984 1303 ὑπαίθρῳ
1007 1220 1170 1287 ἀλώπεκες.

10 1415 14 1422 Ι
66 1329 161 1392 Hanc
183 1329 377 1395 locutionem
392 1330 614 1414 pervulgatam
629 1329 729 1394 tuisse
744 1350 807 1393 non
825 1329 1074 1411 ammirandum,
1099 1350 1170 1393 cum

54 1437 314 1507 ,Lacedaemonii
346 1447 480 1524 propter
512 1460 578 1504 rem
607 1440 774 1503 militarem
803 1445 899 1522 atque
925 1439 1060 1522 gloriam
1082 1440 1169 1504 bello
1235 1519 1253 1535 ,

65 1555 211 1631 paratam
235 1568 269 1612 se
287 1549 451 1631 jactarent
472 1555 569 1633 atque
591 1553 803 1629 ostentarent3
837 1547 877 1611 cf.
901 1548 938 1612 Ο.
962 1549 1086 1631 Miller,
1116 1550 1168 1614 die

64 1655 190 1736 Dorier,
212 1657 236 1737 l,
262 1656 335 1738 198,
361 1665 557 1742 quapropter
579 1677 678 1740 saepe
701 1646 819 1722 derisui
841 1655 980 1740 fuerunt,
1014 1659 1112 1723 veluti
1134 1660 1167 1722 in

64 1765 138 1848 Lys.
162 1763 239 1831 276:

217 1870 386 1959 Κλεομένης
409 1925 415 1939 .
438 1925 445 1939 .
469 1924 475 1938 .
500 1923 507 1937 .
531 1873 596 1936 ἀλλ’
620 1873 700 1956 ὅμως
723 1874 887 1938 Λακωνικδν
909 1874 1003 1938 πνέων

216 1980 314 2069 mpero
331 1984 445 2067 Ιθώτιλα
467 1981 616 2064 παραδοὺς
638 1982 710 2067 ἐμοί.

164 2112 286 2182 Perfidi
307 2119 454 2183 dicuntur
475 2117 723 2182 Lacedaemonii
744 2119 778 2181 in
800 2118 874 2202 Lys.
897 2116 972 2181 629:

566 2235 699 2318 ἀνδράσιν
721 2237 895 2304 Λακωνικοῖς

264 2344 306 2413 οἷς
328 2343 427 2405 πιστὸν
450 2342 534 2405 οὐδὲν
557 2343 582 2405 εἰ
605 2344 644 2427 μή
667 2367 720 2427 περ
744 2345 825 2428 λύκῳ
847 2343 989 2430 κεχηνότι,

62 2478 103 2542 de
127 2498 191 2561 qua
211 2478 372 2543 locutione
391 2479 460 2562 jam
483 2497 580 2560 supra
606 2476 800 2560 disputatum
827 2490 885 2546 est.
928 2479 1001 2544 Non
1023 2480 1166 2544 omitten-

61 2586 137 2650 dum
172 2600 233 2668 cst,
266 2588 345 2653 haec
367 2592 467 2653 verba
488 2591 528 2653 ab
554 2591 768 2674 Aristophane
801 2589 888 2665 dicta
920 2608 1005 2669 esse,
1039 2587 1165 2672 patriae

60 2696 290 2778 amantissimo,
314 2700 470 2763 acerrimo
494 2699 818 2765 Lacedaemoniorum
839 2697 940 2762 hoste.

164 2805 313 2871 Obscena
328 2814 378 2871 est
396 2808 525 2888 locutio,
546 2830 639 2892 quarn
654 2809 687 2873 in
701 2807 799 2871 Arist.
817 2805 921 2887 frgmt.
937 2802 999 2868 322
1015 2805 1165 2887 legimus:

60 2913 241 2997 λακωνίζειν,
265 2914 305 2980 cf.
329 2916 420 2979 Phot.
438 2936 468 2999 p.
484 2915 554 2999 204,
574 2917 612 2979 10
635 2924 667 2982 et
689 2916 786 2997 sain,
810 2916 901 2999 cujus
922 2914 1015 2979 verbi
1037 2913 1166 2977 mentio·

57 3044 134 3089 nem
156 3044 218 3087 non
240 3023 386 3106 facerem,
409 3025 471 3088 nisi
493 3046 532 3090 eo
555 3027 665 3090 vitium
688 3024 930 3108 significaretur,
953 3045 1014 3107 quo
1036 3029 1166 3106 practer

57 3133 145 3197 alias
178 3140 289 3215 gentes
322 3135 418 3199 etiam
450 3133 697 3199 Lacedaemonii
737 3136 843 3200 affecti
877 3134 976 3199 luisse
1006 3132 1163 3196 videntur.

55 3243 158 3324 Piget
178 3243 286 3325 legere
309 3264 392 3326 quac
410 3243 525 3307 Suidas
548 3244 590 3306 ad
611 3246 743 3307 verbum
759 3244 927 3315 λακωνίζειν
943 3242 1164 3325 explicandum
1212 3288 1216 3297 .

55 3353 208 3437 praebet:
230 3354 367 3420 παιδικοῖς
389 3352 525 3436 χρῆσθαι,
549 3353 634 3435 quod
657 3354 741 3417 idem
763 3356 876 3438 Apost.
899 3353 940 3433 X,
961 3350 1002 3412 42
1024 3350 1132 3415 refert.

162 3461 235 3524 Jam
263 3462 361 3525 multo
384 3462 574 3525 obsceniorc
595 3462 674 3525 vitio
704 3462 872 3527 laborasse
894 3461 1030 3525 Lesbios
1052 3480 1164 3524 memo·

52 3569 129 3634 riae
151 3569 302 3634 traditum
324 3578 382 3634 cst.
427 3571 463 3633 In
487 3590 574 3653 vesp.
599 3568 709 3652 1345,6
733 3571 815 3635 enim
838 3571 972 3653 legimus

263 3703 333 3788 δρᾷς
355 3703 414 3785 ἐγὼ
436 3706 461 3766 α’
485 3706 526 3772 ὥς
548 3703 645 3773 δεξιῶς
668 3702 828 3788 ὑφειλόμην
898 3769 900 3774 ,

263 3812 427 3894 μέλλουσαν
448 3811 506 3896 ἤδη
530 3814 651 3897 λεσβιεῖν
671 3817 730 3880 τοῖς
751 3810 915 3894 Ευμπόταις,

53 3965 145 4030 qnae
167 3947 266 4010 verba
281 3946 468 4012 Philocleon
491 3946 532 4010 ad
555 3952 694 4010 scortum
712 3946 884 4011 conversus
907 3947 1055 4029 loquitur,
1079 3944 1164 4028 quod

53 4076 100 4120 ex
135 4056 282 4119 convivio
315 4055 443 4120 redtens
477 4076 583 4120 secum
616 4058 759 4121 duxerat.
806 4055 1012 4138 significatur
1042 4058 1162 4137 vitium,

53 4165 112 4230 cui
135 4165 231 4248 primi
251 4166 360 4230 Lesbii
386 4165 485 4230 dediti
513 4164 612 4229 fnisse
639 4166 799 4248 dicuntur3
835 4187 927 4249 quarn
960 4169 1001 4230 ob
1035 4187 1163 4231 causam

53 4275 191 4339 verbum
215 4274 336 4359 λεσβιεῐν
360 4275 460 4339 decis
476 4275 582 4338 inusu
598 4281 675 4356 erat,
700 4276 753 4358 qui
780 4275 812 4337 in
829 4276 911 4340 idem
927 4276 1038 4340 vitium
1056 4283 1163 4340 essent

53 4384 200 4466 delapsi,
232 4391 268 4448 ut
294 4384 484 4448 scholiastes
507 4385 660 4469 explicat:
695 4387 728 4445 τδ
752 4386 872 4471 λεσβιεῖν
898 4385 944 4447 ἐπὶ
965 4388 1016 4447 τοῦ
1038 4385 1162 4470 αἰσχροῦ

52 4495 201 4574 τάττεται,
226 4491 326 4576 ἐπειδὴ
350 4494 374 4555 οἱ
388 4493 501 4579 Λέσβιοι
515 4495 738 4579 αἰσχρουργοῡσι
759 4498 802 4578 τῷ
823 4492 942 4577 στόματι
964 4493 1161 4579 μολονόμενοι.
