2782 5032
793 273 834 334 42

260 476 379 560 potuit,
414 482 448 539 nt
468 475 541 539 hinc
562 481 670 537 natum
691 475 733 537 sit
755 473 932 556 adaginm“,
956 471 1068 536 falsam
1090 490 1162 536 esse
1183 471 1261 535 hano
1280 491 1332 536 eon·

256 584 425 668 jecturam,
449 583 602 648 neminem
625 583 766 664 effugere
789 589 903 666 potest,
926 581 979 663 qui
1002 582 1035 644 in
1058 582 1163 646 animo
1183 579 1333 645 considera

259 694 357 774 verit,
391 692 557 756 Euclidem
585 692 817 775 posterioribus
846 691 1042 774 temporibus
1076 689 1174 754 luisse
1195 709 1281 772 quam
1299 709 1334 752 co

261 803 416 866 moediam
434 801 687 864 Acharnensium
708 807 811 864 aetam
835 819 914 881 esse,
937 800 969 863 in
985 820 1049 883 qua
1062 799 1151 863 illam
1169 798 1334 863 locutionem

257 912 326 994 jam
342 910 576 994 proverbialem
590 909 841 994 luisseapparct.
864 909 1067 994 Quapropter
1078 928 1141 971 non
1153 908 1336 971 dubiumesse

251 1026 379 1103 potest,
403 1019 479 1102 quin
502 1040 521 1082 a
543 1018 664 1082 dolosis
680 1019 914 1100 Megarensium
937 1017 1050 1081 animis
1072 1017 1193 1080 locutio
1214 1026 1280 1080 orta
1298 1019 1335 1080 sit

360 1129 440 1191 Tum
463 1129 546 1192 risus
562 1128 796 1209 Megarensium
812 1128 984 1211 proverbio
1000 1126 1195 1209 eludebatur,
1217 1134 1250 1191 nt
1261 1123 1336 1207 γέλως

261 1234 425 1318 Μεγαρικός
448 1237 488 1302 de
511 1238 557 1302 eis
580 1237 750 1315 diceretur,
781 1236 835 1319 qui
861 1237 926 1300 risu
950 1256 1001 1300 res
1024 1238 1249 1320 approbarent,
1274 1253 1337 1318 quae

260 1345 399 1411 infacete
421 1346 527 1411 dictae
550 1354 666 1410 essent.
705 1345 871 1410 Pertinent
892 1345 934 1409 ad
948 1345 1030 1409 hanc
1045 1345 1236 1409 locutionem
1258 1345 1337 1409 rerba

260 1455 358 1519 Arist.
372 1456 405 1519 in
422 1459 511 1540 vesp.
528 1455 578 1518 54.
594 1453 649 1517 57:
1024 1458 1029 1463 ’

459 1563 531 1648 φέρε
553 1566 601 1625 νῦν
624 1547 752 1625 κατείιτω
775 1566 833 1630 τοῖς
856 1563 971 1627 ίλεαταῖς
993 1561 1041 1623 τὸν
1064 1560 1151 1643 λόγον

460 1672 557 1754 όλίγον
580 1670 645 1734 ἄνθ’
668 1671 795 1733 ὑπειπὼν
818 1676 931 1752 πρῶτον
947 1669 1070 1733 αὐτοῖσιν
1091 1671 1164 1754 ταδί,

460 1781 550 1864 μηδὲν
572 1768 639 1863 παρ’
661 1781 744 1862 ἡμῶν
768 1781 934 1862 προςόοκεῖν
959 1778 1019 1840 λίαν
1042 1778 1126 1861 μέγα,

460 1891 528 1973 μηδ’
550 1887 587 1951 αὖ
616 1889 759 1971 γέλωτα
787 1887 993 1972 Μεγαρόθεν
1020 1887 1222 1971 κεκλεμμένον.

259 1998 381 2063 Ειαειιι.
404 2020 435 2082 p.
463 1997 520 2060 146
543 1999 655 2080 docet,
688 1999 881 2062 locutionem
908 2000 940 2061 in
968 2016 1024 2063 eos
1046 2016 1118 2061 esse
1141 1997 1269 2078 dictam,
1299 1993 1340 2077 qul

258 2128 370 2191 parum
393 2108 582 2191 tempestive
599 2108 796 2190 jocarentur.
834 2107 913 2171 Orta
931 2116 982 2170 est
1002 2106 1123 2170 locutio
1144 2127 1184 2171 ex
1204 2125 1250 2186 eo,
1272 2101 1342 2189 qnod

258 2224 294 2281 ut
316 2216 496 2281 Meioekius
519 2217 551 2280 in
573 2216 678 2298 frgmt.
703 2216 790 2280 Com.
814 2216 835 2278 l.
862 2237 891 2299 p.
915 2214 952 2275 21
980 2216 1088 2295 docet,
1111 2215 1275 2279 comoedia
1293 2213 1342 2277 Me

257 2325 451 2407 galensium,
475 2346 556 2408 quae
579 2325 716 2407 aliquam
739 2325 792 2388 diu
815 2327 974 2408 viguerat,
1006 2325 1159 2410 paulatim
1192 2332 1344 2408 tantopere
1380 2334 1383 2347 '

258 2441 328 2497 erat
351 2433 494 2518 delapsa,
524 2446 557 2498 ut
579 2455 649 2498 cum
674 2435 878 2516 Megarenses
902 2434 1050 2498 inlaeetis
1082 2433 1191 2498 verbis
1225 2433 1344 2499 delectu·

257 2550 376 2622 rentur,
401 2544 483 2607 risus
500 2544 733 2626 Megarensium
756 2543 787 2605 in
812 2544 1015 2624 proverbium
1038 2543 1150 2606 abiret.
1187 2543 1259 2607 Huc
1281 2540 1345 2607 role

256 2653 357 2717 reuda
379 2661 452 2717 sunt
474 2673 556 2736 quae
578 2653 678 2717 sohel.
702 2652 742 2716 ad
765 2673 832 2715 ran.
848 2651 889 2715 58
911 2661 944 2717 et
966 2655 1077 2735 Apost.
1094 2651 1133 2733 V,
1157 2650 1199 2716 29
1220 2659 1252 2717 et
1266 2652 1346 2732 Diog.

257 2760 318 2841 III,
341 2758 381 2822 88
404 2769 543 2825 narrant.
600 2761 741 2825 Eandem
774 2760 967 2825 locutionem
1000 2767 1227 2825 commemorat
1258 2761 1348 2844 Eupo

256 2868 297 2932 lis
319 2867 398 2932 246:
416 2865 584 2954 Ἡράκλεις,
609 2871 685 2931 τοῦτ’
711 2869 773 2930 ἐστί
794 2891 838 2931 σοι
860 2869 892 2931 τὸ
915 2870 1028 2950 σκῶμμ’
1052 2869 1176 2950 ἀσελγὲς
1197 2869 1243 2932 καλ
1266 2867 1349 2950 Mem·

257 2978 336 3059 ρικόν
358 2976 409 3040 παὶ
430 2977 545 3061 σφόδρα
574 2977 700 3062 ψυχρόν·
734 2980 855 3057 γελῶσιν
884 2977 939 3059 γὰρ
972 2979 1059 3060 (γελᾷ
1091 2977 1146 3060 γὰρ
1170 2979 1287 3062 Cobet)
1317 2981 1350 3045 tlt

258 3085 347 3168 ὁργῖς,Ι
362 3086 397 3147 τὰ
420 3087 527 3149 παιδία.
572 3087 643 3149 Non
663 3087 775 3151 inutile
799 3088 855 3168 sit,
878 3086 1034 3150 hocloco
1057 3094 1177 3169 notare,
1200 3089 1295 3153 etiam
1315 3088 1350 3151 la·

258 3197 374 3259 crimes
398 3196 633 3278 Megarensium
655 3197 818 3286 proverbii
840 3197 944 3260 locum
967 3196 1152 3260 obtinuisse.
1198 3197 1351 3279 Megaren-

258 3304 338 3367 sium
360 3304 512 3368 lacrimae
533 3305 616 3368 enim
639 3325 696 3369 eae
711 3307 917 3386 vocabantur,
941 3325 1022 3387 quae
1044 3324 1102 3388 per
1128 3306 1351 3372 simulationem

259 3412 349 3477 fusae
372 3424 486 3493 essent,
509 3420 544 3476 ut
565 3413 746 3497 Hesychius
768 3415 912 3496 tradidit,
940 3415 1095 3496 originem
1118 3415 1290 3481 locutionis
1311 3415 1352 3480 sio

257 3541 410 3585 narrans:
436 3520 596 3605 Μεγαρέων
613 3523 739 3607 δάκρυα·
763 3524 845 3585 δοκεῖ
863 3525 985 3586 πλεῖστα
1007 3520 1133 3606 φόεσίλαι
1156 3522 1186 3586 ἐν
1207 3528 1245 3607 τῇ
1262 3522 1352 3606 Μεγα-

259 3628 305 3711 ρία
338 3627 462 3713 σκόροδα
495 3632 541 3693 καὶ
572 3629 709 3714 παροιμία
743 3631 789 3693 ἐπὶ
820 3637 878 3693 τῶν
902 3635 1129 3716 προεποιιγτικῶς
1161 3632 1354 3716 δακρυόντων.

238 3820 243 3826 γ
259 3738 421 3820 Origineru
434 3758 473 3804 ex
485 3740 593 3804 labala
605 3751 762 3824 sumptam
774 3761 824 3822 ep.
840 3741 960 3806 Zenob.
974 3742 1014 3823 V,
1026 3740 1046 3803 8
1057 3741 1157 3824 legas,
1175 3743 1203 3806 si
1221 3742 1354 3826 placeat.

360 3847 494 3929 Magnus
517 3857 567 3914 est
588 3870 734 3915 numerus
756 3850 964 3931 locutionum,
998 3852 1111 3933 quibus
1145 3835 1203 3916 eae
1224 3872 1277 3917 res
1299 3852 1356 3936 sig·

258 3954 439 4036 nificentur‚
474 3978 556 4041 quae
578 3958 697 4022 alicubi
720 3958 895 4042 praecipue
917 3960 1101 4041 gignuntur,
1137 3961 1188 4024 vel
1222 3970 1357 4045 agente

259 4065 397 4148 quadam
409 4066 563 4150 imprimis
577 4075 795 4152 procreantur,
806 4066 906 4130 voluti
928 4068 1064 4151 χρυσός
1086 4068 1102 4130 ό
1124 4063 1356 4153 Κολοφώνιος

260 4174 292 4238 in
315 4175 420 4257 lrgmt.
447 4173 515 4236 131.
539 4174 579 4240 os.
603 4176 722 4241 Zenob.
746 4173 815 4256 6,47
844 4182 876 4239 et
897 4177 979 4241 Plut.
1002 4177 1041 4257 Π,
1067 4177 1120 4243 15:
1153 4177 1293 4261 μέμνηται
1325 4177 1357 4241 δὲ

259 4287 366 4367 ταύτης
385 4279 495 4365 Ἀριστ.
523 4283 551 4345 ἐν
576 4280 727 4370 Κωκάλῳ·
761 4282 869 4368 είρνγται
901 4285 933 4347 δὲ
966 4284 1094 4367 παρόσον
1127 4286 1152 4347 οἱ
1173 4281 1358 4371 Κολοφώνιοι

258 4397 307 4455 τόν
330 4395 484 4456 κάλλιστον
506 4393 615 4478 χρυσὸν
638 4394 811 4478 ἐργάζεσθαι
833 4395 1002 4476 νομίζονται.
