2782 5032
784 304 823 366 12

703 394 901 402 ...w—m

255 505 301 568 sio
325 504 529 588 proverbium
551 504 729 587 explicans:
752 529 832 588 „non
855 506 964 585 daile,
988 506 1041 587 qui
1065 504 1207 568 consiliis
1229 504 1354 588 pollent

255 612 288 695 (i.
315 633 341 676 o.
365 616 422 674 τῶν
446 614 546 674 δεινῶν
570 615 788 696 συμβουλεύειν)
813 616 942 693 dicitur,
971 615 1026 679 scd
1049 615 1124 697 quid
1148 620 1299 696 oporteat
1320 615 1354 675 iu

254 722 389 787 consilio
413 721 530 803 dando,
559 723 634 804 quid
661 724 893 787 observandum
919 725 950 786 in
975 725 1084 807 primis
1108 724 1160 802 sit,
1185 743 1298 806 nempe
1321 734 1356 785 ut

254 831 402 911 καθαρῶς,
425 851 519 914 pure,
543 839 664 911 sancte,
691 834 829 915 integre,
858 854 934 896 vero
959 834 1062 898 animo
1086 833 1192 915 detnr3
1224 837 1256 896 et
1278 832 1354 895 hinc

253 960 305 1004 res
321 960 422 1020 sacra,
445 938 528 1021 ἱερόν,
545 941 661 1004 dicitur
677 943 855 1023 consilium,
878 964 917 1006 ex
939 963 1015 1006 vero
1039 944 1142 1004 animo
1165 941 1354 1026 profectum,

254 1049 373 1130 absque
396 1048 461 1112 ullo
483 1049 599 1131 privati
617 1052 772 1115 commodi
788 1052 965 1135 respectu.“
999 1051 1147 1114 Alteram*
1158 1049 1355 1113 scholiastae

252 1158 398 1221 Platonis
419 1158 712 1242 interpretationem
734 1161 874 1244 ineptam
898 1179 980 1239 esse,
1014 1165 1158 1244 apparet.
1204 1158 1242 1221 cf.
1267 1158 1355 1222 Xen.

253 1268 355 1331 Anah.
378 1267 418 1330 V.
442 1265 469 1346 6,
491 1267 520 1330 4.

352 1379 496 1459 Aequum
519 1383 552 1440 et
573 1397 681 1440 verum
708 1377 741 1438 in
760 1377 834 1457 jure
861 1376 996 1441 dicendo
1033 1377 1244 1440 exercendum
1272 1396 1355 1456 esse,

254 1486 350 1549 docet
370 1486 585 1568 proverbium,
616 1485 700 1568 quod
722 1487 754 1548 iu
781 1506 869 1567 vesp.
894 1483 954 1548 725
976 1487 1105 1568 legitur:
1140 1484 1159 1568 ἦ
1182 1509 1238 1546 που
1261 1484 1357 1568 σοφὸς

251 1592 287 1678 ἧν
311 1593 387 1660 ὅστις
409 1591 545 1679 ἔφασκεν,
568 1595 645 1678 πρὶν
669 1592 707 1657 ἂν
730 1595 861 1678 ἀμφοῖν
884 1596 994 1677 μῦθον
1018 1594 1187 1678 ἀκούσῃς,
1221 1594 1284 1657 οὐκ
1315 1593 1355 1655 ἄν

151 1743 154 1749 -
254 1705 428 1785 δικάσαις,
452 1724 543 1786 quem
567 1704 607 1766 ad
628 1705 734 1769 locum
762 1713 894 1767 annotat
922 1705 1124 1783 scholiastes,
1148 1704 1357 1788 proverbium

254 1815 300 1877 sic
324 1833 395 1877 esse
417 1813 601 1895 legendum:
636 1813 710 1896 μηδὲ
738 1812 816 1895 δίκην
844 1814 963 1894 δικάσῃς
986 1814 1048 1895 πρὶν
1072 1810 1107 1874 ἂν
1131 1813 1237 1895 ἀμφοῖν
1261 1811 1355 1893 μῦθον

254 2032 349 2114 gitur.
424 2031 550 2095 Similes
582 2031 672 2094 locos
716 2032 905 2095 Leutschius
937 2032 969 2094 in
1014 2031 1135 2096 adnott.
1171 2031 1211 2094 ad
1253 2031 1352 2094 Maut.

253 2141 347 2205 Prov.
363 2141 403 2221 ΙΙ,
416 2138 475 2220 di)
494 2140 608 2221 attulit,
631 2161 693 2222 quo
716 2140 788 2204 loco
811 2140 922 2204 eodem
944 2141 983 2204 de
1015 2149 1145 2204 auctore
1167 2141 1261 2223 hujus
1284 2160 1355 2223 pro·

251 2249 354 2314 verbii
377 2248 536 2312 disseruit.
587 2248 699 2332 Neque
728 2257 832 2313 tamen
862 2250 1051 2313 testimoniis
1073 2256 1218 2313 vetorum
1240 2248 1353 2332 dijudi-

252 2358 320 2421 cari
343 2365 458 2441 potest,
481 2363 584 2420 utrum
606 2358 775 2439 Hesiodus,
798 2380 838 2421 an
860 2358 1063 2440 Phooylidcs,
1087 2379 1128 2420 an
1151 2358 1350 2423 Democritus

252 2466 350 2532 fuerit
371 2472 493 2531 auctor.

352 2576 424 2640 Huc
448 2578 587 2659 pertinet
613 2577 747 2654 locutio,
782 2577 815 2638 in
848 2596 911 2659 qua
944 2577 984 2641 de
1013 2576 1157 2657 judicum
1188 2575 1351 2658 diligentia

253 2695 403 2750 accurate
432 2686 464 2748 in
493 2687 734 2768 quaestionibus
763 2686 918 2750 habendis
952 2685 1130 2750 exercenda
1158 2704 1261 2750 sermo
1288 2692 1349 2766 est;

253 2802 351 2878 poeta
371 2795 404 2857 iu
425 2815 515 2878 vesp.
536 2793 661 2857 lor-3
683 2794 930 2877 Bdelyoleouem
955 2794 1137 2876 loquentem
1165 2794 1244 2860 facit
1275 2795 1349 2858 haec

252 2904 367 2969 verba:

657 3028 704 3094 καὶ
727 3027 842 3109 λέγεται
863 3026 918 3110 γὰρ
941 3031 1059 3110 τουτογί

403 3142 450 3206 ὡς
472 3139 503 3200 οἱ
525 3139 690 3202 δικασταὶ
714 3135 949 3222 ψευδομένων
971 3144 1039 3200 τῶν
1063 3137 1255 3221 μαρτύριον

404 3245 505 3332 μόλις
527 3246 564 3309 τὸ
587 3250 732 3330 πρᾶγμα
755 3245 919 3329 ἔγνωσαν
942 3246 1233 3328 ἀναμασώμενοι.

293 3449 294 3452 ’
353 3426 538 3506 Locutione,
563 3445 643 3508 quae
665 3426 715 3488 his
734 3425 840 3488 vorbis
855 3425 946 3504 inest,
968 3423 1093 3503 dicitur,
1113 3422 1239 3502 judices
1262 3442 1365 3506 quae-

253 3534 352 3597 rendo
375 3541 408 3598 et
428 3536 630 3618 requirend0,
653 3535 797 3617 quamvis
817 3541 916 3599 testes
938 3532 1052 3595 falsum
1075 3532 1222 3612 dixerint,
1250 3541 1369 3596 tamem

255 3661 363 3706 verum
385 3646 537 3728 reperire.
582 3644 767 3727 Quanquam
790 3663 891 3725 neque
914 3642 1107 3706 scholiastae
1122 3661 1224 3724 neque
1246 3661 1371 3726 paroe⁴

255 3751 434 3836 miographi
462 3773 530 3817 eam
556 3754 752 3818 locutionem
781 3772 910 3816 numero
932 3752 1174 3834 proverbiorum
1197 3751 1370 3815 adtribue*

254 3870 335 3941 runt,
357 3870 461 3925 tamen
484 3863 560 3926 mibi
581 3863 709 3945 quidem
732 3882 795 3925 non
818 3861 945 3924 dubium
961 3869 1017 3941 cst,
1039 3861 1114 3943 quin
1137 3880 1175 3924 ea
1191 3855 1371 3945 proverbii

254 3968 359 4032 locum
381 3971 565 4035 obtinuerit.
609 3969 693 4048 Quid
715 3970 799 4035 enim
827 3970 944 4033 certius
974 3970 1187 4034 testimonium
1210 3990 1281 4034 esse
1302 3988 1369 4054 po-

254 4082 326 4150 test,
349 4098 416 4141 eam
441 4078 538 4144 luisse
554 4080 797 4162 proverbialem,
820 4098 913 4160 quam
929 4078 1007 4140 illud
1024 4078 1108 4161 quod
1124 4079 1368 4164 Aristophanes

253 4188 324 4271 ipse
342 4189 450 4251 verbis
472 4189 519 4250 καὶ
541 4189 658 4271 λέγεται
680 4187 734 4271 γὰρ
757 4187 874 4268 τουτογί
893 4187 1129 4272 proverbialem
1151 4207 1239 4250 usum
1262 4196 1366 4253 testa-

359 4353 385 4422 *)
408 4353 508 4409 Omnes
527 4359 617 4421 uotae,
637 4372 704 4423 quac
723 4356 757 4408 ad
779 4353 1037 4422 paroemiographos
1063 4353 1211 4421 pertinent,
1230 4355 1264 4406 ad
1281 4365 1358 4420 corp.

254 4461 371 4518 paroom.
390 4447 430 4503 ed.
449 4464 465 4501 a
482 4447 638 4502 Loutscb.
656 4451 688 4501 et
705 4444 948 4500 Schneidewin.
967 4443 1118 4499 referendae
1136 4448 1209 4499 sunt.
