2782 5032
656 312 693 374 41

575 401 775 410 ———.

231 517 273 584 Ut
293 517 437 581 omittam
459 515 627 601 perfidiam
650 514 890 594 Thessalorum,
918 513 958 577 de
979 534 1042 595 qua
1063 513 1104 577 cf.
1128 513 1227 590 schol.

141 625 368 713 supinatas,
401 635 435 691 et
467 627 662 690 Phoenicum
692 632 914 704 mercaturam,
949 622 1039 704 cujus
1066 624 1097 686 in
1122 623 1226 706 lrgmt.

142 736 193 800 l09
214 737 326 802 mentio
349 735 393 816 iit,
415 736 477 799 hoc
499 734 572 798 loco
596 734 849 797 commemorabo
880 738 999 796 tantum
1020 732 1228 815 lora200rcy·

142 867 285 926 raeomm,
320 840 484 928 Κερκυραία
507 841 606 926 μάστιξ
633 843 666 904 in
694 862 744 906 av.
774 840 863 905 1463.
907 841 1002 926 Apud
1029 840 1228 922 Corcyraeos

143 956 214 1020 euim
235 963 322 1020 touta
344 955 414 1019 lora
428 955 462 1018 iu
479 973 536 1017 usu
560 960 660 1033 erant,
683 959 718 1015 ut
739 952 773 1013 in
788 951 953 1034 proverbii
969 950 1229 1014 cousuetudinem

144 1065 283 1144 venirent,
310 1071 345 1128 ut
367 1063 556 1127 scholiastes
579 1061 733 1144 explicat:
761 1064 892 1143 συνεχῶς
913 1054 1099 1141 Κερκυραίοις
1120 1058 1229 1128 ἀταξίαι

145 1171 263 1252 γίνονται·
292 1172 338 1234 διὰ
367 1171 400 1233 τὸ
424 1172 588 1242 στασιάζειν
610 1167 660 1231 οὖν
683 1166 848 1240 ἐπεπόλαζε
870 1170 936 1250 παρ’
959 1167 1056 1236 αὐτοῖς
1077 1169 1096 1252 ἡ
1120 1166 1229 1249 μάστιξ,

147 1280 210 1342 ὥστε
231 1282 340 1349 διπλαῖς
361 1281 491 1364 χρῆσθαι
513 1281 652 1363 μεγάλαις
674 1276 720 1340 καὶ
740 1275 997 1361 ἐλαφαντυκάποις.
1042 1276 1165 1342 Similia
1187 1275 1228 1340 cf.

148 1407 188 1469 ap.
209 1389 278 1454 Zeu.
299 1388 370 1472 4,49
400 1399 433 1453 et
461 1389 601 1473 Hesycb.
656 1387 758 1452 Recte
793 1387 886 1468 Diog.
909 1387 949 1467 V,
970 1385 1012 1447 49
1035 1387 1228 1450 locutionem

148 1497 268 1580 explicat
288 1520 346 1584 per
368 1498 414 1561 ἐπὶ
436 1504 493 1559 τῶν
517 1499 652 1579 μεγάλων
676 1497 830 1578 μαστίγων,
868 1495 1031 1559 Laudibus
1046 1495 1138 1560 effert
1153 1494 1227 1561 Cor·

150 1623 312 1686 epaeomm
334 1609 404 1672 lora
419 1606 581 1671 Plutarch.
625 1606 708 1669 Mor.
731 1603 803 1668 842.
826 1606 869 1668 D:
893 1601 1096 1687 ὧΚερκυραία
1120 1605 1226 1688 μάστιξ,

151 1714 181 1779 ὡς
199 1717 308 1777 πολλῶν
330 1718 483 1778 ταλάντων
506 1713 532 1777 εἶ
552 1715 625 1782 ἀξία.

235 1825 425 1906 locutionis,
447 1825 583 1905 quaein
605 1821 785 1905 frgmtocs
809 1822 1071 1906 (oi.Zenob.l,1)
1093 1824 1227 1907 legitur:

150 1924 289 2016 Ἀβυδηνὸν
310 1931 490 2018 ἐπιφόρημα,
523 1934 684 1998 Zenobius
711 1932 866 2014 originem
889 1933 1010 2016 duplici
1032 1932 1157 1997 ratione
1180 1954 1228 1997 ex·

154 2039 241 2122 plicat,
263 2064 392 2126 quarum
413 2042 516 2106 altera
538 2043 571 2104 in
589 2063 627 2107 eo
644 2044 833 2123 continetur,
857 2042 943 2126 quod
955 2042 1039 2125 apud
1054 2043 1227 2126 Abydenos

154 2166 212 2212 usus
229 2159 308 2234 crat,
336 2161 371 2216 ut
391 2158 468 2236 post
489 2171 600 2215 cenam
621 2151 740 2215 liberos
763 2171 837 2216 suos
860 2151 1075 2235 producerent
1095 2151 1228 2234 hospiti·

155 2255 253 2341 busque
267 2262 486 2342 ostenderent;
509 2260 612 2324 altera
633 2261 714 2324 haec
738 2270 795 2340 est,
819 2261 847 2323 si
862 2263 969 2325 verbis
992 2260 1227 2342 paroemiogra·

155 2363 197 2443 phi
217 2371 257 2433 uti
278 2372 352 2434 mihi
372 2373 485 2437 liceat:
512 2369 621 2454 εἴρηται
642 2392 660 2453 η
683 2369 827 2453 παροιμία,
840 2368 887 2430 καὶ
909 2368 967 2430 ἀπὸ
990 2372 1040 2431 τοῦ
1063 2369 1109 2430 ὑπ’
1131 2367 1227 2430 αὐτῶν

103 2494 105 2513 ¹
156 2469 377 2562 (86.Αλ)γ(1εηοε
394 2481 488 2560 dicii)
504 2480 748 2564 συκοφαντεῖσθαι
770 2479 836 2546 τοὺς
852 2478 961 2547 ξένους·
985 2474 1228 2562 ἔνθενἈριστοφ.

103 2658 105 2679 Ι
156 2578 194 2641 τὸν
221 2590 398 2672 συκοφάντην
426 2586 633 2674 Ἀβυδυκόρην
668 2588 717 2670 (ut
743 2589 926 2655 Diodorfius
959 2590 1057 2653 scribi
1080 2588 1148 2652 vult
1169 2607 1229 2672 pro

103 2684 106 2721 ³
159 2683 408 2781 Ἀβυδηνυνώμην);
432 2719 525 2781 quam
542 2699 676 2780 originis
691 2700 985 2782 interpretationem
1000 2704 1098 2783 poeta
1112 2705 1229 2778 noster,

158 2815 212 2864 cum
229 2808 451 2891 sycophantam
474 2804 678 2890 Ἀβυδοκόμην
700 2809 881 2890 vocaverit,
913 2810 1069 2892 probasse
1090 2808 1228 2872 videtur.

235 2914 363 3000 Quoquo
383 2916 476 2980 modo
492 2935 544 2980 res
568 2935 602 2979 se
622 2916 727 2997 habet,
748 2917 816 2980 sive
830 2916 950 2982 locutio
966 2925 1038 2980 orta
1052 2925 1102 2980 est
1117 2937 1157 2980 ex
1171 2916 1229 2982 illo

158 3032 232 3103 uore,
252 3045 340 3108 quem
362 3045 460 3109 supra
480 3027 735 3106 commemoravi,
758 3028 827 3091 sive
849 3046 888 3090 er
910 3025 1047 3110 perfidia
1061 3025 1229 3108 Abydeno·

159 3141 216 3209 ruu,
234 3143 362 3218 utraque
383 3138 418 3198 iu
439 3134 705 3218 interpretatione
729 3136 928 3200 desideratur
942 3134 1114 3199 locutionis
1134 3135 1230 3216 sigui·

158 3229 258 3324 ficuum
293 3263 376 3326 quae
398 3261 469 3307 mea
491 3243 620 3327 quidem
643 3245 801 3327 sententia
823 3265 862 3309 ea
884 3252 966 3325 erat,
989 3252 1024 3308 ut
1044 3243 1166 3308 locutio
1189 3243 1229 3308 de

158 3341 193 3404 cis
209 3348 373 3435 diceretur,
407 3354 461 3436 qui
489 3353 593 3436 primo
620 3353 780 3418 beneficia
812 3355 846 3417 in
878 3354 1016 3436 aliquem
1038 3352 1229 3433 conferrent,

158 3456 206 3516 itm
223 3459 372 3526 beneficia
393 3468 553 3527 mutarent
573 3463 606 3524 in
628 3461 796 3526 maleficia.

233 3567 279 3634 Do
299 3570 541 3652 Megarensibus
554 3571 635 3634 duae
647 3570 828 3635 locutiones
843 3571 1024 3636 afferendae
1046 3577 1126 3651 sunt,
1148 3589 1230 3652 quae

159 3677 213 3734 illul
239 3674 421 3764 Μεγαρινὴ
454 3680 603 3764 μηχανή
637 3688 670 3744 et
702 3677 818 3760 γέλως
845 3668 1063 3761 Μεγαρικός,
1096 3700 1230 3762 quarum

158 3771 223 3846 illius
240 3790 355 3852 mentio
376 3788 413 3852 fit
434 3789 467 3852 in
489 3789 569 3853 Ach.
594 3786 662 3870 738,
684 3789 739 3852 ubi
760 3789 950 3853 scholiastes
972 3789 1054 3852 haue
1077 3789 1230 3873 iuterpre-

159 3886 281 3960 utonem
305 3899 451 3981 praehet:
475 3896 536 3959 ἀντὶ
556 3900 607 3958 τοῦ
634 3899 761 3981 πονηρά,
784 3901 945 3982 πανοῦργος
968 3900 1099 3983 μηχανή·
1120 3881 1249 3982 διεβάλ(

161 3989 224 4062 leuto
242 4004 293 4089 γάρ
315 4005 361 4068 ἐπὶ
383 4006 507 4090 πυνηρίγι
528 4008 554 4068 οἱ
576 4005 729 4091 Μεγαρεῖς,
752 4005 831 4069 ἄλλα
854 4007 904 4088 μὲν
928 4007 1068 4091 λέγοντες,
1089 4006 1176 4071 ,ἄλλα
1197 4006 1230 4069 δὲ

160 4110 287 4182 ποιοῦντες.
345 4113 467 4192 Quodsi
487 4116 638 4180 Erasmus
666 4139 697 4201 p.
720 4115 780 4178 351
805 4118 900 4181 etiam
923 4117 1051 4182 aliunde
1074 4117 1229 4198 originem

160 4205 300 4287 locutionis
322 4223 397 4289 duci
424 4244 520 4310 posse
553 4226 644 4305 dicit,
678 4226 726 4289 sic
749 4226 930 4310 disputans:
970 4232 1116 4306 „constat
1137 4227 1229 4307 enim,

160 4313 297 4397 Euclidem
312 4333 513 4399 Socraticum
524 4333 624 4399 fuisse
634 4334 839 4418 Megaricum,
862 4336 915 4418 qui
932 4337 1074 4420 suscepit
1088 4335 1228 4399 sobolum

162 4425 336 4518 Megaram.
380 4443 445 4507 mc
473 4443 534 4510 fuit
562 4444 696 4527 insignis
726 4445 940 4509 machinarum
964 4445 1087 4510 artifex.
1141 4445 1229 4510 rien
