2866 5176
612 512 810 612 „L

164 714 332 800 μεταφορὰν
354 715 431 778 εἶπεν
452 719 492 784 ὡς
514 716 560 778 ἐπὶ
580 720 630 778 τοῦ
652 717 803 801 ἐπιβάτυυ·
827 716 894 779 ὅταν
919 715 975 799 γὰρ
1003 718 1140 802 ταραχθῇ
1166 719 1184 799 ἡ
1206 717 1257 778 δά-

165 827 257 887 λοισσα
280 825 326 886 καὶ
358 827 527 908 κινδυνεύσῃ
560 829 591 886 ab
619 828 733 909 πλοῖον,
761 826 776 887 δ
804 826 927 912 &eliciam
950 831 1109 909 σωφρονῶν
1136 825 1184 888 τὸν
1206 824 1258 908 μὲν

163 933 261 1016 ἕτερον
285 939 382 1018 τοῖχον
405 934 450 1017 ἐᾷ,
474 935 514 1002 είς
536 936 568 997 τὲ
589 934 622 995 τὸ
644 933 742 1015 ἕτερον
766 936 965 1017 μετακυλίνδει
986 933 1098 998 ἑαυτόν.
1131 937 1182 999 Ab
1198 935 1258 999 hoc

165 1044 291 1125 quidem
323 1043 496 1107 scholiasta
535 1043 672 1107 nondum
708 1045 827 1108 locutio
864 1045 1076 1128 proverbialis
1118 1052 1258 1124 vocatur,

164 1152 222 1215 sed
254 1153 286 1216 in
320 1152 421 1216 schol.
455 1153 601 1216 codicum
634 1164 810 1217 ceterorum
838 1163 967 1237 praeter
987 1154 1017 1216 R
1039 1162 1070 1217 ct
1087 1154 1119 1217 V
1140 1154 1260 1236 scripta

159 1261 227 1344 jam
249 1261 395 1342 legimus:
423 1261 559 1344 παροιμία
593 1261 626 1324 δέ
659 1263 718 1324 ἐστι
740 1261 811 1345 πρὸς
837 1261 886 1323 τδν
915 1259 947 1324 εδ
974 1263 1135 1343 πράττοντα
1163 1265 1259 1345 τοῖχον

164 1368 272 1453 ῥέπειν,
303 1369 348 1431 ἐπὶ
376 1373 433 1430 τῶν
464 1373 630 1432 λυσιτελοῦν
663 1375 760 1438 αυτοῖς
798 1371 842 1434 ἀεὶ
875 1369 1086 1453 στρεφομένων.
1146 1371 1259 1435 Utrum

165 1481 357 1544 scholiastae
380 1479 449 1543 cod.
465 1478 496 1542 R
517 1491 550 1544 et
564 1481 594 1543 V
615 1480 759 1544 consulto
782 1500 821 1544 an
844 1486 961 1544 temere
983 1479 1175 1543 locutionem
1198 1499 1260 1542 non

163 1589 346 1651 notaverint
379 1588 622 1671 proverbialem,
657 1589 726 1670 quis
759 1596 816 1667 cst,
849 1589 900 1670 qui
933 1588 1110 1667 dijudicare
1135 1587 1261 1670 possit?

163 1693 373 1778 intelligimus
400 1716 439 1760 ex
460 1697 520 1759 hac
547 1718 737 1779 quoquere,
760 1717 853 1780 quam
876 1697 1006 1761 difficile
1028 1697 1119 1760 nobis
1141 1697 1195 1776 sit,
1218 1695 1261 1759 di·

160 1805 324 1887 judicare,
357 1811 460 1869 utrum
482 1806 601 1869 locutio
624 1806 837 1889 proverbialis
859 1805 956 1869 luerit
976 1825 1084 1869 necne.

265 1917 294 1978 A
316 1915 410 1977 mari
434 1915 585 1979 translata
610 1926 659 1978 est
680 1916 814 1994 locutio,
843 1935 937 1997 quam
959 1915 991 1977 in
1013 1935 1080 1976 ran.
1103 1911 1165 1975 304
1186 1913 1262 1995 legi·

165 2043 241 2105 mua,
264 2024 318 2087 ubi
340 2030 508 2107 postquam
532 2023 676 2104 formido,
700 2025 826 2089 Graece
847 2019 1004 2106 Ἔμπουσα
1026 2031 1152 2102 vocata,
1180 2041 1261 2104 quae

165 2132 295 2196 Baccho
329 2141 378 2196 est
410 2133 571 2196 Xanthiae
609 2152 701 2197 servo
737 2135 881 2197 timorem
916 2152 1061 2214 magnum
1097 2130 1262 2213 injecerat,

165 2242 306 2321 evanuit,
337 2243 493 2306 Xanthias
522 2262 633 2307 servus
661 2243 740 2306 haec
767 2244 865 2306 verba
889 2241 930 2303 ad
954 2241 1111 2304 dominum
1134 2260 1263 2304 conver·

164 2371 219 2415 sus
240 2351 394 2434 loquitur:

366 2457 482 2542 θάρρει·
505 2459 587 2519 πάντ’
610 2458 708 2540 cipali&
731 2461 927 2542 πεπράχαμεν,

364 2565 459 2637 ἔξεστί
478 2568 505 2629 δ’
528 2568 625 2651 ὥσπερ
646 2564 809 2650 Ἡγέλοχος
830 2569 896 2651 ημῖν
920 2568 1012 2648 λέγειν

365 2676 402 2738 ἐκ
429 2677 590 2758 κυμάτων
616 2675 680 2759 γὰρ
704 2674 803 2744 αὖθις
830 2674 871 2740 αὖ
898 2679 1007 2760 γαλῆν
1035 2674 1113 2760 ὁρῶ.

365 2785 501 2867 ἥμπουσα
520 2784 643 2869 φρούδη.

267 2893 343 2957 Cum
366 2894 523 2958 hocloco
547 2902 579 2959 et
602 2895 640 2958 de
662 2894 835 2979 proverbio
859 2902 891 2958 ct
918 2894 957 2958 de
983 2913 1064 2957 vocc
1090 2895 1182 2974 γαλῆν
1204 2891 1264 2955 dis·

163 3003 339 3087 putandum
374 3005 450 3067 mihi
483 3004 532 3083 sit,
566 3005 701 3088 primum
733 3004 934 3087 proverbium
969 3003 1150 3086 explicabo,
1181 2998 1265 3083 quod

162 3132 260 3175 versu
287 3113 396 3176 ultimo
424 3113 612 3177 continetur.
661 3113 741 3177 llrat
763 3113 948 3196 metaphora
969 3111 1111 3192 vulgaris
1142 3108 1263 3172 amari

162 3222 334 3284 translata:

367 3329 400 3392 ἐκ
422 3331 558 3412 κυμάτων
580 3328 635 3412 γὰρ
658 3326 798 3397 abilae-coi
825 3329 945 3411 γαλήν’
970 3329 1038 3412 δρῶ,

163 3462 262 3525 quam
284 3440 455 3523 Euripides
477 3440 508 3501 in
533 3438 586 3502 Or.
609 3438 670 3500 stu
704 3439 861 3521 adhibuit3
896 3439 1008 3504 eadem
1040 3438 1181 3502 occurrit
1213 3457 1264 3518 ap.

162 3551 265 3615 Arist.
288 3549 308 3612 l.
333 3569 369 3629 (a,
394 3550 447 3611 ubi
469 3549 572 3612 schol:
602 3546 662 3609 ἔστι
691 3547 724 3608 δὲ
753 3549 890 3631 παροιμία
917 3547 963 3608 ἐπὶ
990 3550 1046 3608 τῶν
1069 3542 1265 3628 διαφυγόντων

162 3657 204 3720 τὰ
241 3659 365 3740 λυπηρά.
402 3657 441 3720 cf.
481 3659 593 3739 Apost.
628 3657 688 3737 VI,
721 3654 812 3719 88d:
850 3656 882 3718 ἐκ
918 3658 1055 3738 κυμάτων
1090 3654 1146 3737 γὰρ
1183 3651 1266 3720 αὖθις

162 3768 328 3850 γαλήνην
356 3766 430 3849 ὁρῶς
464 3762 627 3848 Εὐριπίδου.
672 3766 732 3842 Qui
760 3766 963 3849 quadecausa
989 3766 1117 3847 γαλήνην
1143 3785 1202 3848 pro
1229 3759 1266 3824 αδ

163 3877 279 3958 γαλὴκ,
308 3897 388 3959 quac
410 3876 506 3939 lectio
530 3876 562 3938 in
584 3875 693 3959 Eurip.
717 3875 821 3940 Orest.
845 3873 906 3935 979
928 3875 1063 3956 legitur,
1091 3873 1266 3956 scripserit,

163 4005 231 4048 non
252 3985 414 4066 intellego.

268 4095 340 4157 Jam
364 4095 476 4176 [raucis
499 4094 723 4176 explicandum
745 4107 801 4173 est,
824 4114 881 4156 cur
895 4091 1078 4155 llindorfius
1100 4112 1159 4174 pro
1183 4090 1267 4154 codi-

167 4224 240 4267 cum
262 4201 363 4285 γάλήν’
387 4203 555 4286 scripserit
568 4206 670 4282 γαλῆν.
708 4203 806 4286 Cujus
824 4201 1054 4265 emendationis
1077 4220 1173 4263 causa
1188 4201 1267 4262 haec

166 4313 237 4376 fuit.
282 4312 486 4393 Hegelochus
514 4312 595 4375 enim
622 4312 750 4391 histrio,
778 4311 830 4392 qui
855 4311 978 4375 Orestis
1005 4319 1114 4393 partes
1141 4309 1266 4390 agebat,

165 4429 251 4487 teste
265 4421 434 4499 scholaste,
457 4421 545 4516 illum
568 4441 692 4484 versum
717 4420 823 4484 Orest.
839 4418 901 4481 279
923 4420 1063 4482 recitans
1085 4437 1144 4501 pro
1166 4416 1267 4498 γαλήν’

166 4530 434 4617 pronuntiaverat
454 4533 555 4610 γαλῆν,
579 4536 611 4593 et
632 4531 678 4592 ita
699 4529 870 4594 locutionis
893 4528 1080 4592 sententiam
1105 4527 1139 4589 in
1171 4525 1268 4587 risum

168 4647 389 4719 converterat;
424 4637 514 4723 cujus
548 4639 595 4702 rci
618 4639 863 4723 Aristophanem
896 4637 951 4703 illc
978 4637 1051 4706 loco
1079 4634 1268 4703 mentionem
