2782 5032
768 283 810 346 24

687 374 886 385 -—-----

237 493 334 559 bilem
356 498 412 556 aut
432 491 664 574 imprudentem
687 490 727 553 ab
754 490 844 554 asino
868 487 1030 567 deoidere,
1058 493 1148 552 reete
1166 487 1241 570 jam·
1257 485 1336 550 Roh·

238 604 317 667 dew.
332 603 352 666 l.
366 622 393 666 e.
411 601 581 678 admonuit,
604 600 651 662 sio
666 599 880 682 interpretans
891 597 1098 663 locutionem:
1123 591 1337 679 „quapropter

238 712 343 776 lucete
377 711 418 774 de
449 709 628 772 hominibus
662 707 780 770 dieitur
806 706 975 770 admodum
1002 706 1160 790 imperitis
1194 704 1337 788 adeoque

237 821 367 903 ingenio
390 821 512 897 obtuso,
538 816 628 879 utin
652 817 763 898 quavis
786 836 821 881 ro
843 816 996 880 faoillima
1020 824 1053 879 et
1074 813 1226 899 expedita
1248 812 1338 877 offen·

243 931 319 994 dant
341 928 581 1008 corruantqne.“
625 925 672 988 of.
696 925 816 988 Erasm.
835 946 866 1009 p.
891 922 958 987 189.
991 938 994 943 ·

341 1035 519 1119 Usurpavit
538 1034 733 1098 locutionem
756 1035 851 1098 etiam
867 1034 959 1097 Plato
983 1033 1023 1097 de
1044 1032 1129 1114 legg.
1144 1030 1204 1095 Ill.
1228 1029 1301 1094 701.
1314 1051 1338 1093 ο.

239 1145 295 1228 (of.
318 1145 425 1210 adnot.
450 1144 491 1207 ad
514 1143 632 1207 Zenob.
656 1143 697 1222 Π,
727 1141 792 1223 57).
836 1142 956 1207 Eadem
979 1140 1172 1225 significatio
1197 1139 1341 1222 subjecto

239 1261 289 1320 est
314 1253 543 1334 locutionibus,
577 1258 754 1332 quaesunt
778 1253 812 1315 in
838 1272 928 1336 vesp.
958 1249 1051 1314 1370:
1075 1249 1103 1311 τί
1122 1250 1214 1310 ταῦτα
1234 1251 1340 1330 ληρεῖς,

240 1364 356 1445 ὥσπερ
383 1361 452 1424 ἀπὸ
479 1359 616 1445 τύμβου
638 1360 768 1442 πεσών,
791 1367 824 1424 el
846 1361 914 1423 ἀπὸ
941 1360 1075 1445 χδονδς
1107 1357 1225 1419 πεσών
1258 1356 1341 1441 apud

241 1464 394 1556 Eupolin3
424 1491 505 1554 quae
528 1469 708 1534 emendatio
731 1477 825 1534 aouta
852 1478 884 1534 et
905 1470 1085 1556 probabilis
1107 1489 1167 1551 pro
1190 1472 1341 1550 corrupto

242 1579 335 1665 χδούς
355 1581 510 1644 librorum
533 1578 775 1644 Schneidewino
805 1578 948 1644 debetur.
1003 1578 1042 1642 os.
1065 1576 1215 1641 Meineke
1237 1575 1341 1660 frgmt.

241 1711 320 1755 oum.
342 1690 383 1771 II,
405 1688 477 1751 571.

340 1797 386 1863 Ut
407 1818 465 1862 nos
489 1796 670 1860 animalium
692 1797 829 1859 omnium
846 1797 1086 1861 eallidissimum
1109 1803 1258 1886 putamus
1280 1796 1343 1859 vul-

240 1928 321 1992 pem,
343 1909 390 1972 ita
415 1908 512 1972 etiam
535 1906 679 1970 Graecos
706 1926 768 1969 nou
791 1906 901 1989 effugit
926 1908 1032 1991 vulpis
1056 1905 1233 1986 calliditas3
1258 1905 1343 1989 quod

241 2018 359 2082 dooent
389 2017 467 2098 loni,
502 2017 555 2098 qui
596 2025 670 2078 sunt
696 2035 746 2097 ap.
781 2015 888 2080 Solon.
915 2015 983 2098 11‚o
1020 2015 1073 2099 (of.
1101 2014 1224 2097 Bergk,
1258 2021 1343 2099 poet.

240 2126 298 2210 lyr.
322 2122 384 2209 gr.)
407 2132 439 2189 et
461 2145 512 2210 ap.
536 2124 700 2208 Aristoph.
722 2125 756 2187 in
778 2144 849 2208 pao.
875 2124 964 2191 1067.
989 2146 1058 2208 equ.
1085 2122 1180 2186 1069:

393 2232 523 2316 Αἰγείδη,
546 2235 675 2317 φράσσαι
696 2234 899 2316 κυναλώπεκα,
917 2236 957 2318 μή
980 2257 1013 2295 σε
1029 2233 1156 2316 ’δολώσῃ

392 2341 557 2425 λαίθαργον,
580 2342 740 2425 ταχύπουν,
765 2343 863 2406 δολίαν
885 2345 989 2426 κερδὼ,
1014 2342 1214 2424 πολύϊδριν,

241 2451 296 2514 ubi
319 2450 422 2515 schol:
449 2452 597 2534 πολύϊδριν
618 2450 660 2531 δὲ,
686 2449 728 2512 ὅτι
755 2453 925 2535 πολύπειρον
947 2453 975 2514 αἱ
993 2451 1154 2532 ἀλώπεκες,
1175 2451 1226 2513 ’καὶ
1248 2472 1346 2532 παροι-

243 2561 306 2645 μίαι
325 2558 433 2622 πόλλ’
456 2557 528 2621 οἶδ’
544 2558 705 2642 ἀλώπηξ,
724 2561 806 2623 ἀλλ’
823 2561 938 2646 ἐχῖνος
955 2561 991 2624 ἓν
1008 2560 1104 2643 μέγα.
1126 2561 1203 2624 Vim
1216 2579 1345 2644 prover·

242 2671 288 2734 bii
306 2669 448 2735 breviter
467 2675 590 2733 tantum
613 2671 763 2753 exposuit
784 2671 903 2736 Zenob.
919 2672 958 2752 V,
971 2669 1028 2737 68:
1052 2670 1167 2732 ἐπὶτῶν
1184 2691 1345 2752 πανοοργο·

241 2779 348 2842 πάτον.
393 2779 584 2843 Aoouratius
604 2780 727 2843 Erasm.
749 2802 781 2865 p.
807 2778 864 2841 131
889 2781 929 2845 de
957 2781 1065 2844 eodem
1089 2779 1255 2862 disseruit3
1278 2779 1345 2843 dioi

243 2889 327 2955 enim
348 2887 382 2950 id
404 2889 437 2952 in
459 2894 582 2952 astutos
605 2890 655 2953 vel
678 2890 793 2972 potius,
816 2889 869 2953 ubi
885 2889 1069 2972 significare
1086 2887 1230 2969 volimus,
1254 2906 1346 2972 quos·

154 3062 157 3071 ,
242 2998 316 3062 dam
339 2997 435 3061 unioa
456 2997 575 3061 astutia
597 2999 670 3081 plus
693 2998 829 3080 elfioere,
853 3020 946 3083 quam
967 2998 1049 3062 alios
1072 2996 1179 3060 multis
1204 2999 1344 3081 artibus;

243 3128 314 3170 nam
335 3105 463 3189 vulpem
485 3106 681 3171 multimodis
704 3125 740 3181 se
761 3107 852 3186 tueri,
875 3108 1114 3173 avenatoribus
1130 3114 1237 3171 tamon
1259 3107 1346 3171 haud

245 3236 319 3281 raro
342 3216 431 3300 oapi;
464 3214 609 3279 echinum
633 3221 746 3298 autem,
780 3237 872 3302 quem
894 3219 1045 3281 Erasmus
1069 3217 1250 3281 erinaoeum
1273 3236 1347 3282 esse

243 3332 350 3410 putat,
384 3325 477 3388 unica
500 3325 663 3390 dumtaxat
684 3337 753 3391 arte
780 3334 881 3392 tutum
907 3346 979 3391 esse
1000 3348 1019 3389 a
1041 3346 1153 3390 oouum
1176 3327 1345 3408 morsibus,

243 3441 278 3498 ut
298 3434 387 3499 nulla
407 3454 447 3499 ex
468 3441 561 3517 parte
582 3455 688 3499 morsu
711 3435 909 3520 apprehendi
930 3436 1040 3519 possit.
1088 3434 1176 3512 Quae
1192 3437 1345 3519 naratio,

245 3563 310 3626 qua
330 3544 497 3609 erinaceus
526 3563 561 3608 se
587 3549 724 3626 tueatur,
759 3544 910 3610 doeemur
932 3546 972 3608 ab
1000 3545 1084 3608 done
1114 3538 1249 3627 tragico.
1295 3547 1344 3612 of.

245 3653 321 3717 Zeu.
341 3652 362 3715 l.
386 3671 413 3716 o.
457 3652 526 3717 Neo
549 3659 654 3718 tamen
676 3654 911 3738 Aristophanes
932 3654 1022 3736 loeta,
1042 3673 1122 3736 quos
1148 3655 1249 3735 attuli,
1272 3674 1346 3739 pro·

244 3763 388 3826 verbium
402 3761 442 3825 de
463 3762 561 3846 vulpe
577 3763 740 3845 vulgatum
756 3763 941 3845 siguificare
957 3763 1098 3826 voluisse
1112 3763 1188 3826 mihi
1205 3763 1344 3829 videtur.

345 3871 436 3935 Vooe
458 3875 557 3955 χοῖρος
580 3873 664 3956 apud
687 3873 831 3938 Graecos
853 3873 968 3936 stultus
982 3872 1075 3935 homo
1093 3870 1345 3956 significabatur,

245 3980 297 4044 oui
318 3981 392 4044 uooi
415 3981 500 4064 apud
521 4001 580 4045 nos
602 3983 652 4044 vis
673 3982 795 4046 sordidi
818 3981 965 4064 subjoota
992 3987 1055 4062 est3
1090 3981 1267 4065 exemplum
1295 3991 1347 4049 est

243 4089 277 4153 in
298 4087 377 4173 plut.
400 4087 469 4172 308,
491 4088 568 4152 315:
602 4088 710 4152 ἕπεσθε
733 4090 816 4175 μητρὶ
842 4093 949 4175 χοῖροι,
982 4090 1036 4153 ubi
1066 4089 1171 4153 schol:
1204 4091 1346 4175 παροιμία

244 4197 368 4260 ἐπὶτῶν
391 4196 576 4261 ἀπαιδεύτων
599 4198 751 4283 λεγομένη.
795 4200 844 4263 De
860 4200 925 4262 suis
940 4198 1096 4262 aviditate
1114 4204 1219 4263 antem
1242 4219 1346 4285 sump-

244 4313 307 4372 tam
330 4327 402 4373 esse
421 4308 627 4385 locutionem,
660 4308 791 4372 tradunt
812 4308 894 4371 Mae.
918 4306 979 4389 IV,
1012 4305 1031 4367 6
1054 4314 1087 4371 et
1108 4308 1192 4392 App.
1215 4309 1259 4390 V,
1288 4307 1344 4380 792

245 4415 370 4480 ἐπὶτῶν
392 4420 606 4485 κολακευτικώς
627 4438 694 4480 τισιν
716 4414 866 4502 ἑπομένων
888 4420 998 4502 τροφῆς
1018 4415 1112 4483 ἕνεκα.
