2782 5032
668 314 707 377 78

146 505 258 599 ἀνδρῶν
274 519 395 597 λευκῶν,
417 514 452 598 ἢν
479 516 518 599 μή
544 539 571 580 τι
592 515 638 578 καὶ
658 515 844 600 μάχωνται“·
877 513 920 578 ἔτι
948 516 981 579 δὲ
1009 514 1101 584 οὕτως
1133 515 1228 597 ,οὐδὲν

148 627 259 688 λευκῶν
283 625 395 708 ἀνδρῶν
417 621 508 706 ἔργον,
532 623 558 687 εἰ
580 626 619 707 μὴ
642 625 855 710 σκυτοτομεῖν.“
899 625 1038 702 Quorum
1060 626 1228 708 proverbio

147 758 215 801 rum
235 735 311 819 quid
333 735 421 816 prius
443 734 615 816 significet,
637 736 819 818 intelligere
840 755 903 798 non
925 754 1068 819 possum;
1091 742 1228 818 corrupt:

80 865 81 869 ’
148 865 185 910 ca
206 846 307 910 verba
333 863 404 909 esse
430 844 505 907 mihi
538 844 699 924 videntum
733 846 847 926 quibus
881 844 921 908 de
954 845 1060 909 verbis
1093 844 1225 908 sanandi

148 947 229 1037 quae
251 975 320 1017 mea
342 954 383 1017 sit
398 954 590 1035 conjectura,
613 953 709 1037 paulo
726 962 800 1038 post
815 954 999 1038 explicab03
1023 959 1115 1018 antea
1136 962 1228 1017 auter

147 1062 187 1128 de
208 1062 379 1147 proverbio
402 1061 623 1144 disputandum
646 1067 703 1142 est,
727 1063 811 1144 quod
832 1064 967 1128 alterum
981 1063 1166 1127 scholiastes
1185 1083 1228 1126 n<

146 1172 228 1236 tavit
260 1171 363 1233 οὐδὲν
392 1173 526 1232 λευκῶν
555 1170 692 1254 ἀνδρῶν
715 1169 830 1254 ἔργον,
864 1172 893 1234 εἰ
927 1175 972 1255 μὴ
995 1173 1228 1253 σκυτοτομεῖν

140 1271 291 1350 'Pallidus
311 1281 393 1345 enirn
417 1289 557 1344 sutorum
582 1281 671 1345 oolor
692 1282 724 1344 in
753 1301 809 1346 ore
830 1281 918 1361 vulgi
947 1287 1028 1362 erat,
1062 1286 1096 1343 ut
1127 1279 1228 1344 dooen

147 1409 258 1469 versus
280 1390 311 1452 in
334 1390 448 1453 eccles.
466 1386 619 1470 385-90,
640 1391 694 1453 nbi
716 1391 880 1455 mulierum
903 1391 1010 1454 contio
1033 1398 1162 1474 propter
1182 1409 1227 1452 or

147 1499 270 1582 pallida
291 1486 361 1562 cuin
384 1505 524 1581 sutorum
547 1507 760 1582 comparatur.

147 1634 152 1645 ·
246 1607 295 1670 le
315 1607 437 1690 pallido
457 1615 598 1670 sutorum
613 1607 720 1671 colore
741 1614 842 1672 ortum
857 1616 906 1672 est
927 1607 1007 1670 illud
1029 1606 1228 1691 proverbium

147 1715 230 1793 Quid
257 1715 417 1798 significet
441 1715 575 1796 legimus
601 1716 634 1778 in
657 1718 739 1799 App.
762 1718 818 1797 IV,
841 1716 896 1779 35:
930 1717 976 1779 ἐπὶ
1002 1720 1058 1778 τῶν
1088 1714 1125 1783 εἰς
1151 1711 1228 1796 μηδὲ1

148 1826 383 1906 λυσιτελούντων,
405 1824 460 1888 ubi
482 1824 584 1887 forma
604 1825 767 1909 proverbii
787 1805 948 1909 paululnm
971 1832 1089 1912 mutata
1110 1824 1223 1906 legitur

147 1933 231 1996 οὐδὲν
255 1937 366 1996 λευκῶν
388 1933 500 2015 ἀνδρῶν
523 1931 630 2016 ὄφελος
646 1931 665 2014 ἢ
679 1938 872 2015 σκυτοτομεῖν.
906 1934 1156 1998 Contractiorem
1171 1947 1228 2014 pro

147 2043 250 2107 verbii
272 2043 403 2106 formam
427 2045 582 2126 praebent
596 2043 789 2126 Apostolius
806 2044 968 2123 arsenius,
992 2044 1136 2123 Photius3
1158 2035 1228 2124 apud

148 2172 227 2235 quos
249 2153 328 2217 haec
350 2158 486 2217 tantum:
510 2151 594 2214 οὐδὲν
618 2150 730 2213 λευκῶν
753 2150 864 2234 ἀνδρῶν
887 2149 1003 2236 ὄφελος.

248 2260 339 2325 Nune
362 2261 513 2325 accedam
535 2260 577 2324 ad
603 2260 636 2323 id
664 2261 880 2343 proverbium,
913 2260 999 2343 quod
1030 2261 1118 2344 prius
1152 2255 1228 2321 scho

93 2450 94 2454 Ἰ
147 2370 270 2432 liastes.
285 2370 419 2449 notavit,
455 2367 539 2431 οὐδὲν
560 2366 644 2452 ἔργον
666 2365 741 2431 ἔστιν
766 2369 880 2452 ἀνδρῶν
903 2374 1014 2432 λευκῶν
1034 2367 1068 2450 ἣν
1091 2368 1131 2452 μή
1151 2390 1174 2428 τι
1193 2358 1228 2424 κά

148 2478 314 2561 μάχωνται,
350 2461 462 2559 quibus
495 2479 600 2543 verbis
633 2478 779 2541 mendum
806 2479 911 2543 inesse
941 2484 1085 2562 apparet.
1138 2477 1228 2556 Atque

148 2587 293 2668 equidem
316 2606 354 2650 ea
376 2587 571 2659 emendanda
593 2606 664 2651 esse
679 2587 740 2651 hoo
755 2588 848 2651 modo
870 2593 963 2671 puto:
986 2587 1152 2669 legendum
1171 2595 1228 2647 ess<

148 2691 304 2757 ὀδόντων
326 2715 384 2779 pro
408 2696 519 2777 ἀνδρῶν
542 2704 574 2761 et
596 2700 775 2778 μασῶνται
797 2716 856 2779 pro
879 2696 1044 2779 μάχωνται,
1078 2697 1123 2760 ita
1151 2702 1182 2757 ut
1204 2691 1228 2752 i!

149 2804 279 2867 scholiis
302 2806 433 2869 eandem
455 2804 646 2870 locutionem
671 2806 826 2888 legamus,
861 2826 954 2888 quam
980 2813 1078 2889 poeta
1105 2801 1228 2885 scripsit

149 2912 382 2996 Comprobatur
405 2915 584 2978 emendatio
607 2934 678 2978 mea
698 2935 744 2995 eo,
768 2914 853 2997 quod
876 2923 1012 2999 accepta
1027 2912 1228 2980 emendation

149 3022 279 3098 scholia,
303 3043 383 3103 quae
406 3031 500 3087 antea
522 3024 685 3088 intellectu
708 3025 873 3103 carebant,
900 3024 995 3107 plane
1017 3022 1228 3104 intelliguntul

148 3130 229 3194 Nam
253 3132 307 3212 qui
330 3131 497 3195 emendata
519 3132 641 3195 scholia
664 3133 929 3212 consideraverit,
954 3132 1126 3214 intelleget,
1145 3129 1225 3193 veri)

150 3237 192 3301 ὅτι
215 3241 351 3322 παροιμία
373 3238 448 3300 ἐστὶν
464 3239 504 3303 ad
519 3249 624 3304 notam
640 3241 809 3325 pertinere,
832 3262 924 3324 quam
941 3241 1128 3305 scholiastes
1144 3256 1228 3322 prop

147 3367 274 3412 versum
296 3349 328 3410 in
356 3349 468 3413 codice
495 3351 545 3413 vel
574 3350 785 3431 significatam
818 3350 938 3414 invenit
969 3351 1022 3415 vel
1057 3351 1127 3434 ipse
1158 3345 1228 3412 feci·

148 3458 229 3521 Turn
252 3457 349 3520 verba
371 3457 417 3518 καὶ
440 3456 532 3524 οὕτως
553 3458 630 3522 nihil
653 3459 740 3522 aliud
762 3459 824 3522 sibi
846 3459 969 3539 volunt,
998 3479 1092 3542 quarn
1114 3463 1148 3522 ut
1167 3455 1228 3520 ind

150 3573 223 3631 cent
245 3567 460 3650 proverbium,
488 3587 550 3649 quo
573 3576 669 3651 poeta
691 3588 765 3631 usus
788 3569 844 3650 sit3
878 3567 976 3632 veluti
999 3586 1155 3652 persaepe
1176 3578 1228 3650 prs

150 3677 268 3754 verbia,
292 3696 372 3758 quae
395 3684 492 3760 poeta
513 3677 686 3760 usurpavit,
710 3677 926 3740 ascholiastis
943 3677 1080 3760 repetita
1101 3675 1228 3756 legimur

150 3785 363 3869 Sequentibns
387 3785 580 3850 scholiastae
603 3786 709 3850 verbis
732 3787 834 3851 simile
857 3787 1060 3869 proverbium
1083 3785 1224 3850 affertur.

249 3894 370 3971 Quodsi
393 3895 463 3977 quis
486 3903 625 3977 quaerat,
650 3915 730 3978 quae
753 3897 802 3959 vis
823 3895 987 3979 proverbii
1009 3894 1118 3975 fuerit,
1142 3893 1228 3958 exist

148 4023 199 4068 mo
222 4003 339 4067 dictum
362 4023 432 4068 esse
455 4005 658 4094 proverbium
681 4005 720 4068 de
748 4006 807 4086 eis,
841 4005 895 4086 qni
928 4004 968 4067 ad
1002 4025 1095 4067 unam
1127 4007 1228 4068 tantm

68 4191 77 4209 .
149 4132 215 4178 rem
238 4111 464 4194 perficiendam
487 4113 594 4178 idonei
616 4119 731 4178 essent.
820 4185 826 4196 x

249 4220 364 4287 Notum
387 4232 436 4287 est
458 4242 582 4307 pueros,
606 4244 676 4287 cum
691 4223 856 4306 septimum
873 4242 984 4285 annum
1009 4230 1113 4304 agant,
1135 4222 1228 4287 dent!

150 4337 285 4412 mutare,
311 4338 346 4395 ut
367 4332 483 4395 docent
506 4332 568 4396 loci
592 4334 645 4416 qui
669 4339 741 4396 sunt
763 4352 814 4414 ap.
836 4330 901 4395 Sol.
925 4330 964 4396 N.
987 4328 1026 4391 ai
1050 4331 1105 4413 (of.
1128 4323 1228 4415 Berg]

148 4461 180 4526 n·
202 4439 224 4505 1·
247 4438 324 4524 erl:
