2782 5032
773 313 813 375 28

696 403 895 412 ———---

191 573 195 578 .
241 516 421 600 ‘Alcyouios
444 516 545 581 fuisse
567 523 674 599 notos3
698 518 751 581 alii
769 518 864 581 alium
879 537 1041 581 numerum
1056 504 1210 580 referunt:
1233 533 1342 578 novem

227 636 229 639 ’
247 626 467 706 Philochorus,
479 626 624 690 undecim
638 626 816 692 Simonides
829 634 861 690 et
877 626 1077 705 Aristoteles,
1090 623 1342 706 quattuordecim

249 734 439 817 Hesychius.
463 733 591 816 Septem
604 735 672 799 dies
686 744 909 817 commemorat
921 736 1015 798 etiam
1028 732 1120 798 Ouid.
1134 735 1202 797 Met
1227 729 1343 812 11745.

346 843 448 907 Recte
477 843 567 924 origo
594 844 686 926 hujus
713 846 885 909 locutionis
919 866 937 907 a
969 849 1084 906 natura
1106 842 1212 905 avium
1234 831 1344 923 Alcyo-

246 952 368 1014 nia-rum
392 951 537 1016 ducenda
559 972 629 1016 csse
645 953 778 1033 videtur,
804 975 896 1036 quam
912 953 1103 1017 scholiastes
1126 952 1166 1014 ad
1180 971 1248 1013 ran.
1268 948 1345 1011 1309

248 1061 294 1123 sic
317 1062 398 1124 bene
421 1061 572 1144 explicat:
597 1059 737 1130 ἀλκυόνες
753 1063 786 1124 δὲ
809 1063 906 1124 ἐπάνω
923 1065 974 1122 τοῦ
997 1065 1047 1143 τῆς
1070 1061 1223 1142 θαλάσσης
1245 1058 1347 1126 ὕδατος

247 1167 409 1252 καθήμεναι
439 1168 474 1230 τὰ
506 1169 603 1232 αὐτῶν
631 1168 676 1255 ᾠὰ
699 1172 728 1234 ἐν
750 1177 794 1255 roi
816 1171 898 1256 βυθῷ
921 1173 1038 1251 κείμενα
1060 1169 1260 1252 θερμαίνοιισι·
1284 1168 1346 1230 καθ’

247 1277 279 1341 ὃν
299 1278 340 1340 δὲ
354 1277 451 1361 καιρὸν
473 1281 558 1340 ταῦτα
584 1284 720 1354 ποιοῦσιν,
744 1279 911 1347 discorde<
921 1277 1005 1341 αὗται
1023 1279 1051 1340 αἱ
1066 1268 1172 1361 ἡμέραν
1194 1279 1348 1339 καλοῦνται

246 1387 293 1450 καὶ
314 1384 391 1450 ἔστιν
415 1386 444 1449 ἐν
467 1387 566 1455 αὐταῖς
588 1389 706 1472 μεγίστη
730 1389 841 1473 ἡσυχία
854 1387 968 1471 ἀνέμων
992 1409 1023 1448 τε
1048 1386 1095 1449 καὶ
1116 1388 1267 1469 καμάτων.
1307 1385 1348 1450 Si-

247 1497 334 1561 milia
355 1497 444 1580 legas
468 1519 516 1581 ap.
540 1501 653 1581 Apost.
677 1498 717 1580 H,
740 1496 790 1560 20.
813 1497 976 1581 Alcyones
1000 1511 1228 1562 commemorat
1250 1496 1345 1559 etiam

248 1607 384 1672 Thooor.
407 1606 492 1690 7,57;

395 1763 536 1834 ἀλκυόνες
558 1768 736 1849 σταρεσεῦντι
757 1764 792 1827 τὰ
814 1765 927 1849 κύματα
948 1766 1000 1827 τάν
1023 1787 1054 1827 τε
1076 1763 1240 1828 θάλασσαν.

345 1933 436 1998 Voce
478 1933 657 1997 hirundinis
700 1935 761 1998 hoo
805 1934 1009 2016 proverbium
1052 1933 1222 1997 formatum
1261 1932 1350 2016 ¹apud

246 2042 408 2126 Aristoph.
425 2044 599 2109 invenitur:
624 2043 682 2126 μία
698 2040 850 2127 χελιδὼν
866 2041 928 2127 ἔαρ
951 2044 988 2105 οὐ
1011 2044 1113 2104 ποιεῖ.
1147 2041 1184 2104 In
1197 2062 1247 2104 av.
1263 2039 1350 2122 1416,

247 2152 284 2213 17
307 2150 530 2216 Peithetaerus
554 2153 594 2216 ad
617 2153 845 2237 sycophantam
874 2153 1031 2236 quendam
1060 2170 1234 2215 conversus
1259 2150 1349 2214 dicit:

245 2259 358 2322 δεῖσθαι
381 2257 474 2322 ἔοικεν
508 2263 566 2344 (sc.
600 2261 633 2323 τί)
656 2261 779 2344 ἱμάτιον)
798 2260 866 2323 ὀὐκ
889 2260 994 2342 ὀλίγων
1022 2257 1197 2343 χελιδόνων·
1233 2259 1348 2342 quibus

243 2369 352 2432 verbis
389 2370 563 2452 significat,
592 2370 811 2454 sycophantae
839 2377 960 2433 vestem
986 2369 1203 2434 tenuissimam
1232 2369 1349 2432 tritam·

245 2497 307 2560 quc
329 2496 411 2543 esse.
454 2478 549 2543 'Hunc
582 2500 708 2543 versum
743 2480 794 2551 sic,
824 2478 1046 2563 explicandum
1080 2496 1155 2541 esse
1186 2478 1347 2541 existimo:

242 2587 345 2650 vestis
367 2592 422 2650 tua
442 2607 506 2651 non
529 2589 640 2671 paucis
662 2588 883 2651 hirundinibus
907 2595 992 2669 eget,
1022 2587 1042 2650 i.
1079 2606 1105 2650 e.
1139 2576 1212 2650 cum
1232 2586 1348 2650 multae

243 2692 431 2759 hirundines
453 2697 596 2778 aderunt,
630 2704 695 2771 tum
717 2697 826 2760 vestis
841 2696 1005 2759 tuaindui
1028 2685 1150 2778 potest,
1187 2670 1234 2759 ita
1256 2696 1347 2775 utic,

240 2805 298 2888 qui
321 2824 359 2869 ea
381 2806 515 2870 amictus
549 2807 598 2887 sit,
632 2826 696 2869 non
731 2806 848 2887 algeat.
893 2806 1027 2869 Poetam
1061 2805 1102 2867 ad
1135 2805 1346 2886 proverbium,

244 2915 329 2998 quod
352 2933 450 2995 supra
464 2915 701 2994 nominaverim,
721 2917 781 2979 hoc
797 2934 892 2980 versu
908 2922 1081 2999 spectasse,
1104 2922 1248 2998 apparet.
1283 2913 1346 2978 Nos

243 3023 328 3087 idom
353 3022 503 3087 dicimus:
527 3025 598 3088 eino
622 3023 789 3088 Schwalbe
810 3027 917 3089 maoht
938 3018 1054 3088 kei'nen
1071 3023 1224 3088 Sommer.
1262 3022 1347 3100 Quae

243 3132 407 3216 proverbii
430 3135 478 3197 vis
502 3134 757 3217 sit„explicatur
779 3155 798 3196 a
821 3133 933 3197 Suida:
973 3134 1169 3215 παροιμιῶδες
1190 3125 1286 3214 ταῦτα,
1308 3131 1371 3193 ὅτι·

243 3241 293 3324 μία
315 3243 444 3326 χελιδὼν
466 3241 520 3323 ἔαρ
543 3241 578 3303 οὐ
600 3237 898 3326 antropomereos
920 3243 1016 3322 εἰπεῖν,
1037 3242 1086 3323 μία
1101 3239 1197 3323 ἡμέρα
1219 3239 1253 3302 αὖ
1276 3240 1351 3302 ποιεί

243 3350 293 3412 τὸν
315 3351 406 3434 σοφὸν
429 3351 471 3419 είς
503 3351 649 3412 τελείωσιν
682 3350 815 3434 ἐμβαλεῖν
849 3351 895 3413 καὶ
928 3351 1083 3434 δυςημερία
1111 3350 1236 3431 pio-rho
1262 3351 1348 3432 σορὸν

244 3460 289 3528 εἰς’
306 3460 446 3544 ἀμαθίαν,
481 3459 836 3542 etap.Zenob.5,12:
872 3461 921 3543 μία
950 3459 1073 3541 μέλισσα
1106 3457 1171 3539 μέλι
1204 3457 1238 3520 οὐ
1261 3458 1348 3520 ποιεῖ·

245 3568 305 3631 ἀντὶ
327 3571 377 3630 τοῦ
399 3568 449 3651 μία
474 3565 569 3651 ἡμέρα
591 3568 644 3631 οὐκ
671 3569 707 3653 ἐᾷ
734 3569 773 3636 εἰς
799 3571 901 3651 γνῶσιν
929 3569 1086 3652 ἐμβάλλειν
1107 3565 1127 3648 ἢ
1150 3566 1190 3633 εἰς
1209 3566 1347 3649 ἀμαθίαν.

244 3678 369 3743 Similia
389 3679 563 3760 proverbia
584 3679 691 3744 inveni
720 3680 753 3744 in
786 3678 906 3743 adnott.
940 3679 980 3742 ad
1004 3678 1100 3759 Greg.
1125 3674 1160 3738 (l.
1184 3675 1220 3738 L.
1245 3676 1286 3755 Π,
1311 3672 1350 3734 71

244 3807 326 3870 quae
349 3793 422 3851 sunt
442 3789 561 3870 γραμμὴ
585 3788 635 3869 μία
657 3786 691 3850 od
715 3792 788 3850 ποιεῖ
809 3787 858 3849 τὸν
881 3786 1050 3870 γεωμέτρην
1079 3794 1112 3849 et
1140 3783 1180 3851 εἷς
1203 3786 1295 3851 πλοῦς
1315 3783 1353 3845 αι’)

244 3895 292 3958 τὸν
315 3896 480 3960 θαλάττιον.
527 3895 639 3962 Simile
661 3906 710 3962 est
732 3906 890 3964 nostrum:
913 3897 995 3961 Rom
1017 3897 1060 3959 ist
1081 3894 1171 3958 nicht
1191 3894 1225 3956 in
1247 3894 1358 3958 einom

245 4005 336 4086 Tage
359 4007 480 4069 erhaut.
1320 4010 1323 4017 '

345 4115 418 4178 Jam
440 4135 479 4178 cx
502 4115 563 4179 hoo
585 4115 759 4198 proverbio
781 4113 986 4195 intelligitur,
1009 4112 1188 4176 hirundinis
1205 4109 1357 4179 'adventu

244 4223 367 4286 initium
391 4224 475 4287 veris
500 4221 683 4305 significari,
717 4223 800 4306 quod
835 4222 919 4286 idem
952 4225 1107 4306 probatur
1139 4220 1287 4286 versibus
1318 4221 1363 4284 in

246 4353 296 4397 ov.
317 4331 380 4394 713
402 4342 434 4397 ct
456 4353 533 4415 equ.¹
550 4330 627 4395 418:
652 4331 803 4416 caedualla
824 4332 940 4398 παῖδες·
968 4331 1032 4417 οὐχ’
1056 4330 1154 4412 ὁρᾶθ’;
1172 4331 1252 4413 Ιὥρα
1274 4329 1360 4407 νέα,

246 4441 416 4527 χελιδών.
461 4439 550 4520 Quae
581 4440 702 4512 locutio
736 4447 839 4511 utrum
871 4440 1015 4523 vulgaris
1040 4439 1136 4509 [uerit
1170 4454 1289 4524 11111111,ἶ
1317 4440 1362 4504 in
