2782 5032
598 341 619 406 3

53 541 179 627 scripta
211 543 283 627 ipsa
315 547 471 624 veterum,
509 565 591 627 quac
623 545 715 610 nobis
748 549 877 610 servata
900 551 985 627 sunt,
1017 545 1159 630 inspexit

53 659 151 735 atque
178 653 255 718 inde
288 655 461 736 proverbia
492 654 733 735 locutionesque
766 654 986 738 proverbiales
1013 655 1157 722 contulit.

51 761 200 827 Tertium
228 762 363 845 denique
385 764 466 828 bene
488 763 639 827 Erasmus
661 763 701 828 de
723 763 858 828 Graecis
880 763 1067 846 Latinisque
1088 785 1158 848 pro-

52 871 177 934 verbiis
200 892 262 935 uua
284 871 472 955 disputavit3
505 893 576 936 nam
610 873 663 954 qui
692 872 872 955 proverbiis
905 873 1082 938 tractandis
1104 874 1159 938 ali·

53 1000 148 1062 quam
165 1001 295 1064 operam
311 980 443 1062 dederit,
464 980 560 1046 facilc
574 981 748 1063 intelleget,
765 982 863 1045 multa
876 982 1056 1066 proverbia,
1077 1003 1158 1065 quae

53 1089 141 1172 apud
164 1089 297 1153 Latinos
324 1090 499 1174 scriptores
525 1091 740 1170 inveniantur,
773 1091 927 1172 originem
962 1112 1001 1156 ex
1023 1091 1158 1157 Graecis

53 1198 175 1262 ducere
197 1198 251 1262 vel
282 1198 377 1263 etiam
410 1199 565 1264 interdum
598 1200 671 1282 ipsa
694 1200 822 1264 Graeca
855 1220 926 1264 esse
958 1200 990 1262 in
1012 1200 1158 1265 Latinum

54 1327 234 1371 sermonem
257 1290 421 1370 conversa.
464 1309 656 1393 Inscriptnm
684 1321 733 1373 est
754 1329 834 1393 opus
856 1309 995 1372 Erasmi:
1021 1311 1159 1392 Adagio·

55 1437 125 1479 rum
148 1416 305 1480 chiliades
327 1424 485 1499 quattuor,
508 1418 658 1482 Basileae
681 1417 771 1482 1574.

156 1524 276 1589 Nostro
300 1526 441 1608 saeculo,
471 1527 525 1610 qni
547 1527 588 1591 de
609 1527 791 1611 proverbiis
814 1527 1042 1609 disseruerunt,
1065 1528 1156 1609 viam,

55 1654 151 1716 quam
173 1635 324 1698 Erasmus
348 1643 417 1700 erat
438 1637 610 1718 ingressus,
633 1636 841 1718 reliquerunt,
865 1642 961 1718 atque
982 1636 1015 1699 id
1038 1643 1158 1701 tantum

54 1752 203 1826 egerunt,
229 1751 263 1807 ut
285 1754 426 1809 veterum
448 1746 808 1828 paroemiographorum
831 1745 1030 1810 collectanea
1051 1765 1158 1811 receu-

55 1859 177 1935 sereut;
212 1874 343 1936 quorum
372 1853 406 1916 in
439 1873 568 1917 numero
602 1865 673 1917 sunt
692 1853 855 1919 Schottius
885 1863 917 1919 ct
944 1854 1157 1919 Gaislordius.

55 1961 257 2027 Postremum
274 1963 581 2027 commemorandum
595 1972 644 2027 est
656 1983 772 2047 corpus
787 1964 1157 2047 paroemiographorum,

56 2073 141 2154 quod
165 2072 354 2136 Leutschius
377 2079 409 2135 et
431 2070 691 2136 Schneidewinus
720 2072 902 2154 ediderunt,
936 2072 1021 2156 quod
1054 2073 1157 2156 primo

55 2181 216 2245 volumine
250 2180 312 2263 (ed.
338 2178 431 2263 1839)
467 2181 609 2246 continet
635 2181 768 2260 Zenob,
801 2181 953 2264 Diogen,
985 2180 1157 2264 Plutarch,

57 2290 194 2372 Gregor.
232 2289 397 2372 Cyprium,
434 2310 505 2353 cum
544 2290 724 2374 appendice
760 2291 1017 2372 proverbiorum;
1055 2290 1157 2355 altero

57 2399 120 2481 (ed.
143 2397 241 2481 2851)
264 2399 409 2480 Diogen,
433 2399 569 2481 Gregor.
593 2399 752 2483 Cyprium,
775 2399 965 2479 Macarium,
987 2401 1157 2483 Aesopum,

56 2508 268 2592 Apostolium,
291 2509 468 2589 Arsenium,
493 2528 562 2570 cum
585 2508 737 2571 mantissa
759 2509 1010 2591 proverbiorum.

160 2615 282 2692 Quibus
304 2619 399 2680 rebus
422 2616 559 2698 cognitis
575 2617 645 2699 quis
660 2623 709 2680 est
731 2617 863 2698 quinon
884 2616 1059 2700 intellegat,
1075 2618 1156 2681 hauc

56 2725 220 2789 literarum
242 2732 365 2808 partem
388 2726 511 2807 magnis
534 2726 713 2790 etiamnunc
744 2727 777 2788 in
804 2726 946 2790 tenebris
968 2726 1091 2789 versari
1114 2734 1157 2789 at-

58 2855 119 2916 que
141 2835 324 2919 proverbiis
346 2834 624 2917 locutionibusque
639 2835 824 2916 vulgaribus
840 2835 1038 2917 explicandis
1054 2834 1156 2898 denuo

59 2963 188 3026 operam
210 2963 280 3008 esse
302 2943 459 3006 dandam?
503 2942 595 3019 Quod
617 2963 697 3025 opus
714 2963 752 3006 ea
774 2944 897 3007 ratione
921 2943 1157 3027 suscipiendum

61 3054 128 3133 erit,
153 3061 188 3118 ut
210 3053 364 3138 imprimis
387 3061 528 3116 veterum
552 3054 741 3137 scriptorum
762 3053 884 3134 scripta
905 3053 976 3136 ipsa.
999 3054 1158 3117 excutian-

62 3168 123 3243 tur,
145 3163 314 3227 secuudum
330 3163 435 3225 locum
451 3162 638 3225 obtinebunt
653 3161 939 3245 paroemiographi,
955 3161 1157 3244 scholiastae,

63 3269 291 3355 lexicographi,
327 3291 458 3353 quorum
496 3271 687 3334 auctoritate
719 3269 847 3333 nitimur
878 3270 912 3333 in
944 3270 1156 3352 agnoscendis

65 3381 248 3460 proverbiis.
292 3380 391 3457 Quam
413 3380 569 3444 rationem
599 3380 666 3462 jam
689 3378 839 3442 Erasmus
862 3387 988 3442 secutus
1010 3388 1074 3462 est;
1102 3381 1156 3463 qui

67 3494 162 3552 tamen
177 3510 288 3574 parum
303 3489 608 3573 paroemiographos
626 3487 880 3571 scholiastasque
894 3489 1038 3574 respexit
1053 3509 1156 3572 neque

71 3598 138 3659 satis
160 3598 298 3662 dilucide
320 3598 487 3682 explicuit,
521 3596 603 3660 unde
636 3603 753 3679 etque
776 3603 919 3681 tempore
941 3599 1066 3680 singula
1085 3618 1156 3682 pro·

71 3708 170 3770 verbia
192 3707 255 3772 sint
276 3714 359 3789 orta,
382 3706 646 3789 quemadmodum
670 3726 689 3768 a
711 3706 845 3788 siugulis
868 3707 1081 3790 scriptoribus
1104 3707 1156 3770 ad-

74 3812 161 3879 hibita
182 3828 214 3881 et
236 3817 392 3899 quomodo
415 3816 568 3900 paulatim
591 3821 712 3878 mutata
734 3815 806 3879 siut.
842 3814 924 3881 Nam
940 3817 994 3898 qui
1011 3816 1156 3880 omuibus

76 3927 238 4000 proverbiis
260 3925 438 3990 tractandis
462 3924 596 3988 Graecis
619 3924 806 4007 Latinisque
829 3945 958 4008 operam
992 3925 1093 4004 dabit,
1127 3926 1156 3988 is

10 4062 12 4121 p
79 4047 167 4096 earnm
186 4055 302 4110 rerum,
337 4055 418 4117 quas
451 4034 545 4097 modo
569 4033 648 4112 dixi,
672 4032 843 4115 diligenter
864 4035 1019 4098 rationem
1041 4035 1158 4098 habeat

80 4156 190 4208 necesse
212 4156 269 4208 est.
314 4144 378 4208 Sed
401 4144 441 4208 dc
468 4143 611 4206 omnibus
644 4143 824 4225 proverbiis
857 4150 920 4206 tum
950 4143 1073 4208 demum
1096 4143 1156 4206 dis

80 4253 166 4324 putari
186 4274 288 4337 posse,
312 4274 381 4317 cum
401 4253 583 4336 proverbia,
606 4271 688 4334 quac
710 4252 794 4337 apud
816 4252 958 4334 singulos
981 4252 1156 4336 scriptores

82 4370 236 4445 occurrant,
258 4369 397 4427 tractata
419 4363 490 4442 sint,
512 4381 604 4425 neme
628 4370 684 4444 est,
713 4363 765 4445 qui
788 4383 850 4426 non
873 4362 991 4426 videat.
1036 4361 1157 4438 Quade·

83 4477 163 4533 musa
180 4478 214 4537 ut
244 4473 306 4538 hoc
337 4491 401 4537 non
426 4472 528 4536 miuus
556 4470 687 4536 difficile
710 4492 804 4553 quarn
827 4472 1036 4563 utilissimum¹
1046 4470 1157 4554 jucun·

992 4586 1024 4640 1*
