2866 5176
562 505 667 598 ...39

195 711 343 798 Locuti0,
368 738 450 802 quae
472 725 522 784 est
542 715 658 784 Ἄϊδος
679 721 779 798 κυνῆ,
804 717 844 781 de
866 718 912 781 eis
935 716 1110 797 dicebatur,
1137 717 1191 799 qui

96 820 205 912 aliqua
226 829 351 892 ratione
373 847 408 893 se
422 828 614 892 occulerent.
648 827 797 909 Legimus
813 847 881 890 eam
896 827 928 889 in
945 826 1014 890 Aah
1038 823 1191 908 out-90,

95 939 149 1002 ubi
172 939 286 1003 chorus
309 957 418 1002 senum
438 937 648 1020 Dicaeopolin
674 937 937 1017 tergiversantem
964 935 1124 1015 admonet,
1157 941 1193 999 ut

95 1049 137 1111 ab
157 1047 352 1130 Hieronymo
375 1053 473 1130 pocta
496 1046 669 1110 caesariem
693 1052 795 1128 petat,
819 1065 911 1127 quam
933 1044 1059 1109 nimiam
1082 1038 1116 1108 is'
1132 1044 1192 1109 ale

93 1158 158 1235 bat,
181 1163 213 1220 et
235 1155 286 1220 cni
310 1175 483 1237 cognomen
506 1152 604 1221 Ἄϊδος
625 1158 695 1235 κυνῆ
717 1155 778 1217 λου
800 1154 872 1218 loco
895 1154 1100 1232 adtributum
1124 1173 1192 1218 vcr-
1288 1238 1293 1244 Ι

94 1285 148 1329 sus
177 1272 249 1329 sunt
277 1266 325 1329 hi:
355 1263 383 1324 τί
399 1265 488 1324 ταῦτα
510 1261 625 1346 στρέφει
648 1266 793 1344 τεχνάζεις
814 1286 845 1324 τε
868 1265 914 1324 καὶ
935 1263 1057 1345 πορίζεις
1079 1264 1176 1348 τριβάς
1183 1285 1191 1346 ;

95 1373 168 1459 λαβέ
191 1375 222 1435 δ’·
239 1373 310 1457 ἐμοῦ
332 1374 356 1454 η’
379 1371 461 1433 ἕνεκα
476 1373 541 1454 παρ’
568 1368 743 1454 Ἱερωνύμου
776 1371 1111 1455 οκοτοδαουκυκνότριχα
1131 1371 1192 1434 Ἄϊ-

92 1484 144 1550 δος
166 1487 263 1564 κυνῆν,
285 1483 340 1546 ubi
362 1482 476 1545 schol:
499 1477 598 1543 ’Ἂϊόοτ
613 1485 699 1560 κυνῆ·
723 1479 857 1563 παροιμία
879 1480 950 1563 πρὸς
971 1480 1036 1549 τοὺς
1059 1480 1191 1565 ἐπικρύπ-

93 1614 193 1658 τοντας
216 1590 320 1659 αὑτοὺς
343 1592 389 1653 διαί
412 1613 492 1652 τινων
515 1590 749 1673 μηχανημάτων·
772 1589 889 1672 τοιαύτη
904 1589 1000 1672 γὰρ-ἠ
1017 1593 1068 1652 τού
1085 1587 1193 1657 ’Ἄϊδος

92 1704 174 1782 κυνῆ,
196 1691 360 1783 ᾗΠεροεὺς
382 1701 568 1783 χρησάμενος
589 1700 640 1781 τὴν
656 1697 678 1760 Γ
680 1696 787 1781 ύρηονα
809 1697 1035 1780 ἐδειρυτύμηοεν.
1070 1699 1193 1763 Similia
1234 1685 1237 1690 Δ

92 1810 183 1892 legas
205 1830 256 1893 ap.
278 1810 371 1891 Diog.
389 1809 428 1871 V.
445 1810 468 1889 l,
488 1807 524 1870 16
547 1814 580 1872 et
602 1808 720 1871 Zenob.
742 1809 766 1888 I,
788 1807 838 1872 41.
881 1808 970 1885 Quod
995 1808 1089 1890 galea
1109 1817 1192 1872 tene·

94 1920 222 1982 bricosa
245 1918 494 2000 existimabatur,
517 1925 691 2002 propterca
712 1917 797 1981 Orco
822 1917 983 1981 adtributa
1006 1925 1069 1999 est,
1092 1918 1191 1983 veluti

91 2027 169 2091 Ηεε.
187 2034 265 2091 scut.
281 2028 378 2092 Hero.
394 2025 470 2093 226:
489 2021 596 2092 ’Ἄϊδος
618 2025 704 2108 κυνέη
728 2023 816 2110 ζόφον
839 2023 914 2088 αἶνον
935 2024 1058 2109 ἔχουσα.
1091 2026 1191 2104 Quam

93 2137 148 2219 qui
170 2136 329 2217 induerat,
363 2137 465 2201 videri
492 2157 553 2199 non
583 2142 725 2219 poterat,
759 2145 932 2220 propterea
954 2137 984 2198 in
1007 2136 1043 2198 Il.
1067 2136 1106 2215 V,
1130 2134 1192 2199 845

91 2246 251 2327 Minerva,
274 2267 314 2310 ne
336 2247 424 2310 Mars
447 2266 481 2310 sc
503 2245 612 2309 videro
632 2251 752 2329 posset,
774 2246 899 2328 galeam
920 2245 1007 2308 illam
1030 2245 1107 2310 Orci
1129 2246 1191 2308 sibi

90 2356 251 2440 imposuit.

192 2500 229 2564 In
251 2519 322 2584 pac.
342 2497 399 2560 122
421 2498 586 2582 Trygaeus
608 2499 641 2562 in
664 2500 840 2562 scarabaeo
864 2492 978 2562 sedens
996 2498 1127 2580 jamque
1150 2495 1192 2559 ad
1257 2520 1260 2525 ·

93 2609 217 2674 coelum
239 2609 440 2692 prolecturus
462 2606 545 2671 filias
567 2609 717 2672 lacrimas
745 2606 911 2672 fundentes
934 2607 1119 2672 consolatur
1141 2587 1191 2670 his

90 2720 214 2784 verbis:

140 2908 144 2921 ,
197 2868 200 2873 ’
242 2842 277 2927 ἥν
300 2845 325 2906 δ’
347 2844 406 2925 ἐγὼ
429 2841 462 2906 εὖ
485 2843 592 2926 πράξας
615 2841 697 2909 ἔλθω
719 2845 813 2923 πάλιν,
836 2843 907 2912 ἕξετ’
929 2844 958 2906 ἐν
976 2846 1045 2928 ὥρα
1100 2904 1102 2908 ,

242 2953 386 3035 κολλύραν
410 2954 538 3034 μεγάλην
561 2953 607 3014 καὶ
629 2951 768 3015 κόνδυλον
792 2950 863 3036 ύψον
886 2953 930 3014 ἐπ’
955 2953 1039 3037 αὐτῇ,

92 3096 135 3160 de
158 3097 271 3179 quibus
293 3095 445 3160 Rohdew.
468 3095 487 3158 l.
512 3116 539 3160 c.
562 3097 643 3160 bene
666 3097 713 3160 sic
736 3097 891 3179 disputat:
922 3096 1137 3179 „lepidissime
1159 3103 1192 3161 et

92 3212 222 3287 praeter
245 3207 516 3289 exspectationem
538 3205 719 3289 placentae,
754 3225 816 3287 qua
844 3225 991 3270 reversus
1015 3207 1191 3270 abitinere

89 3312 174 3377 filias
197 3314 369 3379 donaturus
392 3323 455 3395 est,
489 3315 657 3398 colaphum
681 3315 845 3398 apposuit3
879 3334 941 3397 quo
964 3315 1041 3396 joco
1064 3335 1192 3398 prover·

89 3423 176 3486 bium
199 3445 218 3486 a
239 3423 435 3507 Polyphemo
458 3429 559 3487 ortum
583 3433 668 3487 tecte
691 3422 858 3506 significat,
882 3423 1063 3506 quirinum
1087 3433 1192 3505 postu·

89 3532 161 3594 lans
185 3534 224 3595 ab
240 3532 335 3597 Ulixe
351 3534 443 3597 oculo
465 3533 609 3616 privatus
632 3539 695 3596 est:
721 3530 760 3592 ἄν
783 3533 808 3592 t’
831 3529 1041 3613 alternitas„
1064 3530 1189 3594 κόνδυ-

92 3644 155 3703 λον
177 3642 275 3726 αὐτῷ
298 3641 428 3705 δίδυυ.“
472 3642 655 3726 Disputarit
677 3641 716 3705 de
739 3642 908 3724 proverbio
932 3641 970 3705 G.
987 3641 1022 3705 Ο.
1038 3641 1073 3704 L.
1089 3640 1113 3720 I,
1135 3639 1189 3702 42:

90 3749 216 3812 ἐπὶτῶν
240 3748 337 3832 ἀγαθὰ
360 3750 411 3832 μὲν
433 3750 598 3832 αἰτούντων,
621 3748 699 3812 δεινὰ
722 3750 755 3811 δὲ
771 3748 983 3834 λαμβανόντων.
1022 3750 1061 3814 cf.
1077 3752 1190 3831 Apost.

89 3859 155 3941 ΙΙΙ,
178 3857 199 3919 2
220 3868 253 3924 et
274 3861 390 3924 Zenob.
415 3860 443 3941 I,
466 3858 515 3921 92.
558 3859 717 3942 Imprimis
741 3859 780 3923 de
803 3860 910 3942 pueris
934 3859 1113 3938 dicebatur,
1137 3860 1190 3942 qni

19 4038 24 4045 ,
89 3975 237 4054 petentes
260 3989 322 4031 non
344 3968 484 4053 petenda
512 3988 731 4051 nonnunquam
764 3969 917 4052 colaphos
950 3969 1122 4051 rccipiunt,
1157 3975 1192 4032 ut

90 4077 212 4141 Erasm.
230 4098 260 4160 p.
276 4076 338 4168 406
361 4078 510 4160 explicat,
534 4078 587 4158 qui
610 4077 803 4141 scholiastae
818 4078 914 4140 Arist.
939 4077 980 4140 ad
1003 4078 1030 4139 h.
1055 4077 1074 4140 l.
1099 4078 1192 4141 inter·

90 4186 303 4271 pretationem
327 4187 505 4271 exscripsit,
529 4195 692 4267 quaeest:
723 4185 849 4269 φαίνεται
872 4189 904 4246 τὸ
927 4184 1050 4246 ἐπὶτῶν
1072 4185 1191 4248 παιδίων

91 4291 244 4376 λεγόμενον
268 4294 387 4379 ἀρχαῖον
411 4292 456 4355 tv·
480 4293 534 4376 ,ἢν
557 4296 582 4356 δ’
606 4292 680 4355 οἶνον
702 4294 768 4377 αἰτῇ
799 4296 955 4361 κονδύλους
977 4295 1058 4377 αὐτῷ
1080 4296 1191 4376 δίδουίί,

90 4402 163 4486 ὑπὲρ
185 4407 236 4464 τού
258 4403 359 4474 ἐθίζειν
381 4402 449 4471 τοὺς
470 4406 574 4472 παῖδας
597 4404 687 4486 μηδέν
710 4427 735 4467 τι
756 4403 886 4485 περιττὸν
910 4402 1004 4467 αἰτεῖν.

192 4537 241 4600 le
256 4536 365 4601 fabula
381 4558 506 4621 quoque
522 4539 676 4621 originem
691 4539 876 4617 locutionis,
900 4559 982 4622 quae
1005 4540 1047 4602 sit
1069 4538 1191 4620 μήλοις

91 4647 255 4735 βάλλειν,
288 4647 321 4714 in
348 4649 420 4714 nub.
443 4644 513 4731 997,
547 4647 833 4729 samantneme,
865 4647 1082 4730 Diogenianus
1100 4644 1128 4728 3,
1151 4645 1191 4708 63
