2866 5176
697 512 736 575 51

170 712 283 779 Sarnos
304 713 408 778 insula
436 736 475 778 an
502 714 631 780 Miletus
666 715 830 800 oppidum,
865 714 990 779 variant
1024 713 1266 778 scholiastarum

170 824 347 889 sententiae
370 824 409 887 ad
432 844 503 906 pac.
526 822 597 886 362.
656 825 725 902 Quo
752 824 824 888 loeo
848 823 1079 906 Aristophanes
1100 823 1192 906 hujus
1214 824 1266 887 ho-

168 931 262 995 minis
283 933 316 995 in
338 932 398 996 hoo
426 933 651 996 sententiarum
686 954 807 997 conexu
840 933 1041 996 mentionem
1062 930 1152 996 facit:
1191 933 1266 1014 Try·

169 1060 277 1123 gaeus,
300 1042 353 1123 qni
369 1041 485 1105 Pacem
498 1040 587 1105 deam
600 1041 767 1106 ruderibus
787 1043 946 1105 obtectam
963 1061 1108 1126 promere
1128 1041 1265 1122 volebat,

171 1150 373 1213 aMercurio
395 1150 444 1212 his
467 1151 574 1214 verbis
596 1151 785 1233 increpitus:
821 1153 845 1214 ὦ
879 1150 962 1232 μιαρὲ
993 1149 1040 1211 καλ
1067 1148 1208 1233 τολμηρὲ,
1241 1150 1269 1212 τί

168 1261 259 1320 ποιεῖν
279 1259 396 1339 dieresi,
415 1259 597 1340 respondet:
621 1259 706 1321 οὐδὲν
728 1259 854 1341 πονηρὸν
870 1259 935 1320 ἀλλ’
959 1256 1049 1340 ὅπερ
1072 1258 1128 1319 καὶ
1150 1253 1266 1320 Κιλλι-

169 1370 247 1429 κῶν.
293 1365 382 1444 Quae
405 1368 445 1430 ad
468 1370 567 1432 verba
597 1368 789 1452 explicanda
817 1367 979 1432 afferenda
1001 1372 1085 1447 sunt,
1119 1388 1200 1452 quae
1233 1368 1266 1430 in

169 1474 299 1538 scholiis
314 1475 354 1539 de
366 1475 523 1540 (lillicone
536 1476 697 1558 leguntur:
721 1475 947 1559 πυνθανομένων
968 1475 1001 1537 δὲ
1021 1478 1161 1544 πολλάκις
1176 1476 1266 1538 αὐτοῦ

149 1605 252 1672 ντινοιν
275 1583 303 1644 τί
321 1583 422 1666 μέλλει
443 1587 547 1665 ποιεῖν,
581 1581 667 1666 ἔλεγε
699 1585 811 1665 ,πάντα
838 1584 962 1667 οὶηαλλά“
1016 1585 1105 1647 εἰπὼν
1127 1585 1160 1647 δὲ
1182 1584 1266 1647 οὐδὲν

168 1691 293 1775 πονηρὸν
315 1691 394 1775 παρὰ
417 1692 586 1774 προςδοκίαν
610 1693 739 1775 ἐπήγαγε
760 1693 793 1754 τὸ
816 1693 900 1774 ,,ολλλ’
922 1692 993 1774 ὅπερ
1022 1693 1068 1755 καλ
1093 1688 1265 1775 Κιλλικῶνιι,

168 1803 209 1868 ὡς
231 1799 256 1863 εἰ
277 1798 353 1863 εἶπεν
376 1802 461 1863 οὐδὲν
486 1802 573 1864 κακὸν
596 1807 670 1864 ποιῶ
694 1803 761 1864 ἀλλ’
783 1803 936 1884 λεροσυλῶ.
969 1803 1047 1867 Inde
1063 1803 1265 1887 proverbium

168 1917 274 1974 ortum
295 1915 344 1974 est
365 1909 483 1991 ἀγαθὰ
505 1907 697 1988 Κιλλικῶν,
731 1931 782 1994 ap.
807 1911 924 1975 Zenob.
948 1912 972 1991 l,
994 1909 1022 1991 3,
1057 1912 1142 1995 qnod
1165 1911 1204 1976 de
1225 1911 1265 1975 iis

169 2018 343 2099 dicebatur,
367 2020 420 2100 qui
436 2019 520 2082 mala
534 2019 645 2083 frande
660 2019 790 2082 divitias
807 2027 981 2103 captarent,
1005 2019 1266 2104 quemadmodum

168 2127 285 2191 Cillico
308 2127 490 2209 proditione
512 2128 636 2210 patriae
659 2128 790 2192 divitias
810 2129 871 2192 sibi
894 2138 1145 2213 comparaverat,
1168 2136 1265 2194 ntcx·

170 2235 271 2326 plicat
294 2235 333 2299 G.
358 2235 392 2299 O.
416 2236 458 2298 M.
481 2236 506 2310 I,
528 2235 563 2298 ὀι
596 2237 641 2298 ἐπὶ
662 2243 719 2299 τῶν
742 2236 776 2300 οὐ
799 2241 897 2305 καλῶς
930 2237 1143 2303 πλουτούντων.
1196 2239 1265 2303 Nec

166 2353 272 2409 tamen
284 2345 508 2429 Aristophanis
530 2347 630 2410 verba
647 2346 716 2429 jam
739 2347 780 2410 ad
798 2347 1003 2431 proverbium
1018 2348 1186 2430 pertinere,
1209 2347 1264 2412 scd

140 2451 206 2517 ad
229 2474 280 2534 ea,
309 2474 391 2536 quae
413 2455 508 2536 vulgo
532 2454 571 2518 de
594 2454 751 2520 Cillieone
773 2463 902 2519 narrata
924 2456 1000 2537 sint,
1034 2457 1117 2522 unde
1139 2477 1266 2542 prover·

165 2563 252 2626 bium
275 2570 377 2627 ortum
400 2569 456 2644 est,
480 2570 622 2645 apparet.

265 2688 403 2770 Propter
419 2687 566 2751 eximiam
582 2687 747 2751 stultitiam
760 2687 891 2752 infames
907 2695 998 2752 erant
1015 2688 1265 2770 Mammacythns

164 2806 200 2862 et
220 2796 404 2877 Meletides,
436 2809 468 2861 et
490 2796 637 2860 mulieres
660 2796 836 2861 Charixena
861 2803 892 2861 et
914 2797 1036 2860 Macco.
1080 2798 1158 2863 lllos
1180 2809 1266 2864 nota-

163 2913 216 2971 tos
239 2905 373 2988 legimns
395 2907 428 2969 in
450 2926 516 2969 ran.
539 2902 614 2966 991:

516 3037 590 3106 τέως
613 3040 637 3101 δ’
662 3036 892 3124 ἀβελτερώτατοι

460 3128 463 3133 ¹
518 3145 675 3232 κεχηνότες
697 3147 900 3233 Μαμμάκυθοι

519 3252 681 3340 Μελητίδαι
703 3258 840 3340 καθῆντο.

161 3389 221 3452 ubi
254 3388 454 3453 Gaisfordius
487 3388 648 3473 Μελητίδαι
681 3413 738 3477 pro
768 3390 918 3454 Μελιτίδαι
950 3391 1102 3455 librorum
1125 3392 1264 3475 scripsit,

163 3519 260 3581 quern
282 3498 464 3562 Dindorlius
488 3507 616 3564 secutus
639 3512 695 3564 est.
741 3502 776 3562 lu
801 3500 931 3564 scholiis
949 3500 1101 3583 Didymus
1122 3500 1201 3564 haec
1224 3500 1265 3563 ad

162 3608 460 3689 interpretationem
485 3609 610 3672 illorum
633 3610 790 3672 nominum
813 3611 957 3692 praebet:
996 3608 1038 3670 ὅτι
1061 3606 1265 3690 Μαμμάκυθος

161 3716 213 3779 καὶ
236 3714 401 3800 λἸελητίόης
423 3717 467 3778 ἐπὶ
490 3719 583 3800 μωρίη
606 3716 799 3800 ὃιεβέβληντο,
823 3718 957 3798 καθάπερ
985 3717 1032 3778 καὶ
1055 3717 1069 3778 ὁ
1094 3715 1264 3778 Βουταλίων

161 3825 213 3890 καὶ
235 3826 250 3887 ὁ
273 3822 414 3911 Κοροβος.
450 3826 588 3890 Nomina
599 3827 696 3908 igitur
708 3828 840 3909 propria
862 3826 947 3888 lacta
967 3833 1039 3889 sunt
1061 3826 1265 3910 appellativa,

162 3957 249 4020 quae
273 3936 476 3999 stultissimos
499 3937 640 3999 homines
661 3935 888 4018 significarent.

267 4060 467 4125 Charixcnae
500 4061 616 4124 mentio
649 4059 684 4122 fit
716 4061 749 4122 in
781 4059 896 4124 eccles.
930 4056 1068 4137 (342-ψό,
1100 4059 1154 4123 ubi
1188 4079 1265 4123 anus

161 4169 291 4234 lasciva
313 4169 353 4233 ad
377 4169 612 4234 adulescentem
637 4187 793 4233 conuersa
816 4167 911 4233 dicit:

368 4303 502 4384 οἰμώζων
527 4300 583 4383 ἄρα
605 4305 640 4384 νή
662 4302 715 4363 Δία
738 4303 900 4385 σποδήσεις,

367 4409 456 4492 οὐγὰρ
479 4411 563 4473 τάπὶ
585 4407 783 4494 Χαριξένης
805 4411 867 4471 τάδ’
890 4408 974 4473 ἐστίν,

366 4518 441 4581 κατὰ
464 4524 511 4581 τὸν
534 4519 621 4601 νόμον
642 4522 731 4581 ταῦτα
753 4522 842 4581 ποιεῖν

367 4625 429 4690 ἔστι
450 4628 567 4710 δίκαιον,
591 4628 617 4692 εἰ
639 4626 912 4712 δημοκρατούμεθα.
