2782 5032
683 346 722 411 79

600 436 798 444 .-—.—-———

294 553 358 618 παῖς
379 548 430 634 μὲν
453 547 559 635 ἄνηβος
581 547 638 612 ἐὼν
660 547 703 612 ἔτι
724 548 823 632 νήπιος
845 547 928 632 ἕρκος
950 545 1078 614 ὀδόντων

296 660 387 742 φύσας
410 658 547 742 ἐκβάλλει
568 661 680 740 πρῶτον
704 658 733 720 ἐν
755 657 816 719 ἕπτ’
839 654 937 721 ἔτεσιν.

177 764 259 831 Plaut.
287 767 450 833 Menaech.
480 766 574 832 1116:
608 767 804 851 septuennis:
838 788 908 830 nam
940 775 1006 832 tum
1040 767 1148 831 dentes
1175 767 1250 830 mihi

178 875 313 940 cadebant
333 877 509 961 primulum.
552 880 625 943 λον.
651 876 846 959 capo-m:
882 898 951 941 enm
974 878 1126 960 septimus
1150 897 1250 940 annus

177 985 317 1050 hansierit
338 1005 478 1069 puerum,
501 987 638 1050 nondum
660 987 744 1051 omui
766 985 861 1050 dente
882 994 1003 1066 renato,
1026 993 1087 1050 eto.
1120 985 1192 1050 Hae
1212 1005 1251 1050 ex

177 1092 334 1159 reluctatio
368 1103 439 1160 orta
465 1103 529 1161 est:
565 1095 716 1180 ἑπτέτης
748 1097 794 1159 ὢν
828 1091 974 1162 όδόντας
1009 1094 1072 1157 οὐκ
1106 1091 1249 1179 ἔρυσεν,

177 1218 252 1281 quam
271 1205 500 1289 Aristophanes
522 1205 555 1268 in
572 1226 639 1268 ran.
654 1203 799 1266 cac-18
821 1205 937 1286 attigit,
957 1205 1011 1267 ubi
1028 1203 1251 1268 Archidemum

176 1311 324 1393 quendam,
355 1316 408 1398 qni
431 1333 469 1378 eo
497 1322 640 1397 tempore
662 1335 777 1396 magna
800 1315 990 1379 auctoritate
1012 1314 1043 1376 in
1066 1313 1252 1397 republica

176 1427 238 1502 erat
257 1422 391 1488 irrideus
413 1423 493 1488 haec
517 1424 608 1488 dicit:

402 1532 545 1617 βούλεσθε
567 1533 641 1614 δῆτα
663 1535 745 1614 κοινῇ

403 1641 566 1725 σκώψωμεν
584 1636 781 1724 Ἀρχέδημον,

402 1749 434 1818 ὃς
454 1750 574 1832 ἑπτέτης
597 1750 636 1812 ὢν
659 1749 714 1811 οὐκ·
734 1745 826 1832 έροσε
850 1749 1004 1832 φράτορας.

177 1846 248 1926 Quae
261 1859 357 1922 verba
380 1861 427 1924 sic
448 1858 655 1941 intelligenda
678 1869 762 1922 sunt:
786 1857 1001 1922 Archedemus
1017 1858 1099 1923 enim
1114 1857 1252 1941 peregri·

178 1976 223 2024 uus
242 1972 305 2030 erat
326 1981 457 2051 eamque
479 1970 520 2032 ob
543 1987 669 2032 oausam
693 1988 755 2031 nou
777 1968 939 2052 particeps
955 1969 1149 2049 societatum,
1173 1988 1251 2050 quas

177 2067 363 2141 Athenienses
385 2065 518 2160 φρατρίαν
540 2080 707 2141 vocabant.
742 2075 945 2161 Quapropter
959 2087 1055 2161 poeta
1072 2078 1159 2158 dicit,
1181 2098 1252 2142 eum

172 2173 227 2253 jun
245 2191 360 2267 septem
381 2206 481 2250 annos
495 2187 629 2250 Athenis
652 2187 772 2249 versari
796 2206 855 2251 nec
878 2195 980 2250 tamen
1004 2207 1103 2269 usque
1127 2185 1251 2250 adhoc

177 2292 280 2372 tempus
311 2295 343 2359 in
376 2295 575 2368 societatem,
610 2315 691 2379 quae
724 2293 846 2378 ρρατρία
874 2302 1023 2376 vocetur,
1055 2296 1251 2379 pervenisse,

177 2396 314 2481 attingens
345 2404 537 2468 locutionem
570 2405 804 2488 proverbialem
835 2402 956 2485 ἑπτέτης
990 2404 1030 2466 ὤν
1057 2402 1177 2473 δδόντας
1199 2403 1253 2468 οὐκ

177 2493 273 2590 ἔφυσεν,
294 2521 328 2577 ut
349 2514 381 2576 in
404 2513 535 2577 scholiis
557 2514 706 2596 legimus:
728 2511 788 2574 ἀντὶ
810 2515 861 2573 τοῦ
877 2511 965 2574 εἰπεῖν
983 2511 1104 2581 ὀδόντας
1126 2517 1252 2598 φραστῆ-

123 2682 125 2691 ,
176 2625 223 2692 Ραΐ,
244 2622 383 2705 φράτορας
412 2619 473 2684 εἶπε
500 2620 628 2685 τουτέστι
654 2625 807 2704 σοηηενεῖς.
861 2621 975 2686 Utrum
1007 2621 1126 2687 locutio
1159 2632 1253 2687 meta·

175 2715 277 2793 lhorae
299 2737 425 2811 tantum,
449 2752 488 2795 an
511 2733 674 2815 proverbii
696 2733 769 2796 loco
784 2731 928 2796 habenda
944 2731 994 2808 sit,
1016 2733 1142 2796 variant
1164 2732 1252 2796 scho-

174 2817 318 2902 liastarum
340 2840 530 2922 sententiam
565 2841 620 2904 alii
642 2842 724 2905 enim
747 2862 815 2907 eam
838 2841 1056 2924 metaphoram
1079 2853 1209 2906 vocant:
1232 2841 1251 2923 ἡ

172 2925 197 3052 §l
216 2947 361 3032 μεταφορὰ
383 2949 440 3010 ccc
464 2953 519 3011 τῶν
547 2948 669 3028 παίδων,
705 2949 803 3017 οἵτινες
836 2947 916 3017 ὄντες
943 2951 1015 3032 περὶ,
1039 2948 1074 3011 τὰ
1100 2950 1173 3012 ἑπτὰ
1200 2947 1251 3033 ἔτη

168 3055 259 3121 ελθυσι
288 3059 394 3125 πάντας
425 3057 493 3126 τοὺς
516 3056 651 3140 ὀδόντας,
679 3059 734 3123 alii
757 3067 860 3123 antem
882 3060 913 3123 in
937 3060 1179 3143 proverbiorum
1200 3081 1253 3124 nu·
1338 3126 1341 3132 ,

165 3159 243 3222 mer0
264 3174 391 3249 ponunt.
425 3167 708 3253 Paroemiographi
723 3189 792 3233 eam
816 3188 876 3231 non
899 3176 1104 3252 receperunt3
1129 3169 1252 3233 Erasm.

161 3264 263 3337 aulem
284 3297 314 3359 p.
336 3276 440 3340 3101).
461 3277 501 3341 de
523 3297 561 3341 ea
583 3278 630 3341 sio
653 3278 843 3362 disputavit:
870 3277 1047 3361 „quadrare
1070 3279 1145 3341 mihi
1168 3277 1253 3343 vide·

159 3360 206 3426 lus
227 3377 261 3447 iu
280 3406 364 3465 eum,
399 3387 452 3469 qui
475 3395 550 3450 natu
572 3387 718 3468 grandia,
752 3394 856 3451 tamen
882 3387 985 3451 adhuc
1009 3387 1099 3469 quasi
1122 3407 1253 3471 puerum

153 3474 235 3565 ³gll3
267 3503 320 3558 aut
342 3494 396 3578 qni
419 3494 472 3558 diu
495 3502 706 3559 commoratus
729 3495 861 3577 alicubi,
892 3496 972 3559 nihil
995 3496 1096 3560 adhue
1119 3496 1253 3560 auotori-

149 3576 227 3654 caus
253 3609 306 3666 aut
326 3604 457 3668 honoris
480 3605 522 3669 sit
544 3608 737 3669 assecutus.“

254 3703 325 3778 Hoc
347 3714 420 3777 loco
444 3713 557 3777 addam
580 3714 759 3779 locutiones
782 3714 948 3798 quasdam,
980 3733 1062 3798 quae
1094 3734 1114 3777 a
1145 3714 1253 3798 pneris

140 3783 397 3967 di'‘gtitabantur,
434 3823 531 3887 veluti
554 3823 670 3888 Suidas
691 3824 861 3888 memoriae
887 3823 1043 3906 prodidit:
1074 3817 1194 3907 ’‘Etca’
1229 3851 1254 3886 ω

136 3913 173 3972 τι
194 3918 215 3975 e

133 4019 217 4086 οταν
246 4039 366 4124 ἐπινέφη
389 4039 500 4126 ψύχους
522 4038 603 4109 ὄντος
653 4037 702 4105 Ἀ.
726 4037 833 4123 Νήσοις
865 4038 980 4123 ,ῥέξεις
1008 4039 1064 4124 ἄρα
1092 4041 1189 4122 ὥσπερ
1216 4039 1253 4104 τό

129 4127 244 4206 Μῶν
266 4143 343 4233 ἔτεχ’
366 4149 390 4211 a
413 4149 471 4232 φοι
495 4149 589 4232 ἦτον
635 4150 674 4215 ef.
698 4149 802 4232 frgmc.
826 4149 896 4212 aaa.

255 4258 351 4323 Aliud
372 4258 547 4343 exemplum
570 4280 610 4325 ex
625 4259 776 4323 Stratidis
792 4259 976 4325 Phoenissis
992 4260 1125 4343 protulit
1140 4259 1253 4323 Pollux

125 4320 201 4430 IV,
236 4367 261 4445 7,
283 4390 314 4452 p
337 4365 415 4430 445:
438 4364 500 4430 εὗδ’
522 4368 603 4450 ἥλιος
626 4369 677 4454 μὲν
699 4368 829 4432 πσιδεται
852 4371 909 4436 τοῖς
930 4368 1051 4437 παιδίοις
1073 4366 1141 4430 όταν
1164 4365 1254 4451 λέγω·

124 4452 193 4537 σιν»
229 4472 304 4562 ἔξοχ’
326 4478 352 4541 ὦ
374 4477 432 4562 φιλ’
455 4477 529 4562 ἥλιε.

244 3931 335 4014 ailae:
358 3929 502 4013 κωλοίριόν
526 3954 551 3993 τι
572 3934 766 4014 παροιμιῶδες
789 3931 844 3993 ὑπὸ
866 3935 923 3994 τῶν
943 3932 1063 3994 παιδίων
1086 3931 1252 4015 λεγόμενον,
