2782 5032
140 98 320 186 proelium
342 98 427 182 apud
449 99 625 182 Arginusas
612 98 769 163 insulas
790 120 872 164 anuo
894 98 966 164 406.
990 99 1108 166 o.·.Ghr
1132 122 1161 166 n
1185 120 1265 165 com·

139 210 294 274 missum
316 208 366 288 sit,
389 208 522 272 ethaeo
539 208 748 289 comoedia,
740 231 772 271 ιιι
795 229 857 290 qua
871 210 1054 294 hujust
989 210 1065 274 sacti
1088 216 1174 274 ment
1161 210 1265 291 tiofit,

139 337 247 383 anno
264 317 408 401 proximo
424 323 556 382 octat
513 318 563 398 sit,
587 338 678 383 nenio
694 318 785 381 dubit
773 325 841 383 tare
859 325 973 401 potest,
997 318 1072 401 quin
1086 319 1165 384 haec
1181 319 1266 384 Iocu-

139 428 194 492 tio
225 425 370 489 nondum
392 419 524 509 vulgata
544 425 648 508 fuerit,
672 427 728 490 sed
751 447 770 490 a
791 435 888 510 poeta
910 428 1034 492 demum
1057 428 1099 492 sit
1121 428 1265 494 formata.

142 535 279 601 Utrum
299 535 420 601 locutio
443 535 558 600 abhinc
581 536 614 599 in
646 536 811 618 proverbii
847 536 1107 601 consuetudinem
1140 537 1264 618 abierit,

141 663 272 723 necne,
294 643 446 708 affirmari
468 666 530 708 ιιοιι
554 652 670 728 potest,
691 646 767 728 quia
780 645 965 710 testimonia
988 651 1128 710 veterum
1151 645 1264 710 desint.

143 751 246 816 Nam
268 753 328 825 etsi
344 752 459 817 Suidas
480 774 549 819 cam
571 775 630 837 pcr
651 753 697 815 ἐιτὶ
719 758 776 838 τῶν
800 755 949 839 δοςτοχῶν
971 752 1122 837 explicat,
1145 775 1207 837 qua
1225 774 1265 818 ex

145 880 184 925 re
213 861 330 944 colligi
362 869 486 945 potest,
521 861 639 926 Suidoe
671 863 865 928 locutionem
897 863 1130 946 proverbialem
1163 864 1265 927 visam

148 987 235 1034 esse
258 971 396 1054 itemque
417 971 539 1036 Erasm.
569 992 600 1054 p.
622 968 685 1032 482
717 991 786 1036 eam
820 973 852 1036 in
884 971 1001 1056 adagio
1033 973 1201 1057 receperit,
1231 972 1263 1036 hi

150 1084 269 1143 tamen
289 1081 365 1157 viri,
392 1081 454 1144 nisi
475 1082 667 1146 auctoritate
690 1082 934 1146 scholiastarum
956 1081 1008 1146 vel
1032 1083 1265 1164 paroemIogra·

153 1185 298 1266 phorum
317 1196 459 1254 veterum
481 1190 639 1271 nituntur,
667 1202 815 1256 auctores
844 1191 937 1255 nobis
960 1211 1023 1255 non
1044 1210 1115 1255 esse
1138 1190 1263 1271 debent,

156 1292 356 1363 locutionem
380 1318 451 1363 esse
474 1299 719 1381 proverbialem.

264 1405 416 1472 Similiter
437 1427 490 1471 res
512 1428 549 1472 se
570 1408 669 1473 habet
691 1409 723 1471 in
746 1407 825 1490 plut.
841 1405 890 1494 84,
912 1408 967 1470 ubi
990 1407 1177 1490 Chremylus
1194 1407 1265 1472 Plu·

159 1516 228 1576 tum
251 1515 432 1598 interrogat,
454 1516 538 1580 unde
556 1518 678 1581 veniat:
700 1514 791 1579 πόθεν
814 1513 875 1595 οὖν,
899 1518 1020 1598 οροὶσον,
1044 1514 1166 1601 αὐχμῶν
1188 1516 1265 1602 βαδί-

162 1621 236 1704 (εῑῆ
261 1632 323 1688 tum
344 1624 414 1691 ille:
445 1624 478 1688 ἐκ
512 1623 767 1708 Πατροκλέοορ
801 1622 926 1710 ἔρχομαι
948 1622 980 1691 δι
1002 1622 1056 1686 οὐκ
1078 1624 1213 1688 ἐλούσατ’
1235 1624 1264 1692 ἐξ

164 1724 306 1815 ὅτουπερ
328 1732 456 1815 ἐγένετο,
490 1735 542 1798 ubi
577 1734 766 1798 scholiastes
802 1734 842 1799 de
863 1733 1016 1798 Patrocle
1047 1733 1126 1798 haec
1149 1733 1262 1799 refert:

165 1835 199 1904 εἷς
222 1839 257 1924 ἦν
276 1847 333 1904 τῶν
355 1841 388 1904 τδ
401 1841 566 1904 Λακωνικὸν
588 1843 648 1925 βίον
671 1843 839 1926 ζηλούντων
856 1842 1031 1932 {Aburnium
1054 1842 1190 1911 πλούσιος
1212 1843 1264 1926 μὲν

167 1945 289 2033 σφόδρα,
320 1949 422 2018 ἄλλως
451 1950 485 2013 δὲ
517 1949 651 2038 κακόβιις
684 1975 736 2019 τις.
755 1952 802 2014 καὶ
830 1951 1049 2037 φιλοχρήματος
1070 1952 1117 2015 καὶ
1139 1952 1264 2036 σανεφδς

168 2058 342 2140 κωμῳδεῖται
374 2063 414 2129 ὡς
448 2059 548 2123 καὶέν
574 2063 631 2128 τοῖς
655 2059 816 2144 Πελαργοῖς
839 2061 894 2143 (οι.
920 2063 1025 2145 Irgmt.
1048 2060 1122 2144 386)
1156 2059 1265 2147 εἴρηται

170 2163 230 2242 περὶ
259 2168 359 2232 τούτου
367 2220 374 2251 ,
409 2167 485 2236 ὅστις
518 2168 614 2232 ἕνεκεν
643 2174 694 2251 τῆς
717 2171 875 2254 φειδωλίας
895 2169 1002 2233 οὐδένα
1028 2168 1072 2233 εἴα
1095 2171 1265 2254 αρασίεοιιαι

172 2272 291 2358 φυλακῆς
304 2275 390 2340 ἕνεκα
406 2282 463 2340 τῶν
479 2279 640 2363 χρημάτων
657 2277 704 2340 καὶ
718 2279 859 2364 γλίσχροο
875 2280 947 2366 βίου.
980 2280 1032 2344 Ad
1049 2275 1264 2345 demonstran·

175 2374 245 2464 dom,
264 2385 295 2449 in
325 2386 391 2451 illis
412 2389 520 2451 verbis
541 2388 736 2453 locutionem
757 2389 993 2471 proverbialem
1026 2390 1198 2473 contineri,
1231 2397 1263 2456 ct

123 2570 125 2581 Ι
175 2502 228 2552 non
248 2494 381 2576 irrisum,
410 2517 473 2580 quo
497 2503 594 2580 poeta
615 2498 797 2562 Patroclem
818 2498 1040 2581 castigaverit,
1063 2499 1179 2564 nullius
1202 2520 1263 2565 mo

123 2586 126 2657 ι
177 2603 258 2667 nenti
272 2605 346 2669 mihi
361 2625 434 2669 esse
455 2605 611 2685 videntur,
635 2626 716 2688 quae
733 2606 847 2672 Suidas
870 2630 895 2671 s.
918 2629 947 2672 v.
969 2605 1057 2693 ιιατρ.
1080 2608 1193 2675 refert:
1217 2609 1264 2671 και

123 2704 125 2751 ⁵
178 2713 303 2796 ι((ριιιριά,
325 2713 358 2776 ἐκ
373 2711 586 2798 Πατροκλέους,
610 2713 657 2776 lat
672 2720 730 2777 τῶν
752 2715 909 2800 perdurum
932 2718 979 2779 καὶ
994 2715 1163 2802 αὐχμηρῶν,
1188 2717 1263 2802 quio

180 2822 357 2906 reamquac
368 2823 460 2888 addit
472 2843 512 2888 ex
525 2823 763 2890 scholiisArist.
777 2826 967 2911 depromptu
979 2846 1049 2891 esse
1061 2826 1261 2891 manifestum

180 2930 297 3004 estnec
318 2941 421 2998 tamen
441 2932 631 2998 scholiastes
653 2934 844 3001 locutionem
865 2937 997 3000 vocavit
1017 2936 1260 3022 proverbialem.

179 3024 271 3118 Neque
285 3061 330 3123 eo,
352 3043 437 3124 quod
448 3042 638 3124 Apostolius
649 3042 741 3123 XIII,
761 3042 820 3106 100
835 3043 947 3109 eodem
964 3046 1091 3110 verba
1083 3067 1115 3109 m
1130 3063 1260 3110 numero

123 3131 399 3255 {reveritor-um
421 3151 537 3234 posuit,
558 3151 747 3235 persuaderi
763 3120 839 3217 mihi
863 3161 977 3237 potest,
1000 3162 1034 3219 nt
1049 3174 1088 3218 ea
1110 3175 1169 3239 pro
1192 3172 1260 3238 pro·

123 3320 125 3331 Ι
123 3208 270 3321 verbio
280 3259 421 3324 habeam.
456 3259 616 3324 irridendi
632 3281 730 3326 causa
746 3268 821 3346 poet
822 3283 841 3326 a
808 3262 912 3327 tilla
926 3266 1026 3328 verba
1042 3264 1162 3330 dixisse
1184 3261 1260 3329 mibi

123 3394 125 3427 ι
181 3355 204 3417 li
206 3357 292 3434 d.ctur
328 3367 523 3452 Quamquam
546 3370 708 3449 confiteor,
731 3372 758 3434 si
775 3392 814 3437 vo
816 3372 982 3438 Iustiorat
969 3373 1151 3438 testimonia
1173 3372 1261 3439 ades·

123 3468 126 3509 l
180 3476 242 3552 aeut,
261 3476 321 3542 dici
343 3479 419 3544 solit
407 3487 470 3544 tum
494 3501 574 3561 esse,
598 3481 652 3564 qui
668 3488 812 3546 avareet
798 3481 964 3546 tsordide
984 3482 1139 3565 viverent,
1163 3483 1260 3548 uitam

123 3518 315 3652 Palicum
337 3587 464 3672 degere,
480 3610 536 3655 me
558 3591 627 3656 sine
651 3590 716 3654 ulla
740 3589 874 3655 dubitat
851 3599 938 3657 rtone
961 3591 1066 3657 credit
1052 3599 1156 3657 turum
1178 3611 1259 3673 esse,

123 3672 248 3761 Illum
279 3696 377 3762 locut
355 3707 474 3763 tionem
507 3719 587 3782 prov
591 3700 672 3765 erbn
705 3700 809 3764 locum
843 3701 908 3765 obt
885 3707 996 3766 tmere
1041 3700 1120 3766 Cum
1154 3721 1194 3766 au
1196 3708 1259 3767 tem

123 3766 126 3863 ι
180 3792 464 3889 subluceat
382 3807 436 3890 qui
451 3816 516 3872 tam
529 3815 680 3874 accurate
701 3809 742 3875 de
759 3809 909 3876 Patrocle
931 3809 1157 3892 disseruerunt,
1173 3809 1258 3875 locu·

123 3926 126 3993 2
180 3899 274 3977 tionem
305 3917 539 3999 proverbialem
572 3938 635 3982 non
670 3925 797 4001 vocent,
834 3919 891 3984 sed
919 3919 1036 3986 Suidas
1069 3919 1192 3985 demum
1225 3928 1258 3985 et

123 4004 126 4089 ι
179 4007 357 4109 lucentius,
379 4027 433 4109 qui
453 4026 577 4093 scholia
599 4027 851 4112 exscripserunt,
875 4049 937 4094 non
960 4036 1021 4112 est,
1056 4047 1112 4093 our
1133 4046 1202 4094 eam
1226 4029 1257 4092 in
