2866 5176
652 324 765 407 'or

644 434 843 442 ·—

195 546 301 625 Quare
333 549 429 611 ctiam
454 548 572 611 Zenob.
596 547 637 626 ΙΙ,
660 546 702 609 50
721 567 803 646 *earn
827 548 859 611 in
891 564 1021 610 numero
1051 546 1299 629 proverbiorum

196 658 311 740 posuit.
356 656 506 720 Occurrit
526 656 639 721 eadem
661 677 711 742 ap.
734 656 867 720 Aristid.
890 656 923 718 in
946 655 1079 718 Ponath.
1105 653 1224 737 196,14.

295 781 416 846 Elodem
438 782 530 846 modo
562 802 614 846 res
648 801 681 846 se
702 783 801 846 habet
822 783 854 844 in
877 781 953 865 Lys.
976 779 1077 862 631‚t³,
1100 782 1155 844 ubi
1178 782 1298 846 chorus

196 911 303 955 senum
327 891 365 955 de
388 892 571 956 mulieribus
592 892 671 956 haec
696 893 789 956 dicit:

295 1015 360 1078 ἀλλ’
384 1015 454 1099 ἐμοῦ
477 1016 528 1100 μὲν
552 1016 584 1078 cd
608 1015 837 1099 τυραννεύσουσ’,
860 1013 922 1077 ἐπεὶ
944 1015 1109 1100 φυλάξομαι
1220 1102 1223 1106 ⁴

240 1197 242 1200 y
296 1125 351 1187 καὶ
373 1126 516 1208 φορήσω
538 1125 575 1186 τὸ
599 1125 697 1210 ξίφος
719 1127 754 1187 το
778 1124 953 1202 λοιπὸν-ἐν
976 1124 1105 1208 μύρτου
1126 1126 1245 1209 altitu,

197 1253 249 1314 ubi
272 1252 460 1338 scholiastes
479 1253 658 1333 annotavit,
691 1271 816 1316 versum
844 1251 977 1316 alterum
1000 1273 1039 1316 ex
1061 1253 1200 1317 carmine
1223 1272 1299 1316 con-

195 1361 294 1424 vivali
316 1359 536 1446 depromptum
558 1381 636 1440 esse,
660 1361 743 1443 quod
765 1360 804 1423 de
823 1360 997 1424 Hermodio
1021 1370 1053 1425 et
1074 1361 1298 1444 Aristogitone

126 1481 128 1486 '
195 1471 403 1554 compositum
426 1475 523 1551 esset3
557 1470 648 1552 cujus
671 1475 833 1534 auctorem
856 1468 1073 1534 Callistratum
1103 1469 1216 1550 fuisse,
1252 1466 1299 1534 in'·

197 1578 370 1661 telligimus
392 1599 431 1643 ex
454 1577 573 1643 adnott.
597 1577 638 1640 ad
660 1581 742 1662 App.
766 1577 806 1660 Il,
829 1575 877 1641 64.

194 1856 235 1919 V.
278 1854 321 1922 lie
360 1853 580 1923 locutionibus
617 1851 895 1937 proverbialibus,
930 1869 1014 1936 coac
1051 1852 1093 1920 ab
1128 1851 1297 1922 institutis

493 1962 684 2048 quibusdam
708 1960 884 2046 proiectae
906 1961 993 2032 sunt.

294 2158 342 2222 De
375 2158 546 2224 certamine
579 2163 727 2240 prompta
756 2163 806 2221 est
833 2156 967 2236 locutio,
1004 2174 1085 2238 quae
1113 2162 1163 2221 cst
1197 2154 1297 2239 ἄγων

195 2271 322 2350 σκῆψιν
355 2267 392 2328 οὐ
426 2267 588 2351 δέχεται,
623 2267 861 2348 eujus-mentio
895 2265 931 2330 fit
963 2267 995 2328 in
1021 2265 1101 2330 Aeh.
1130 2264 1204 2346 392,
1241 2269 1298 2331 ubi

195 2376 311 2439 chorus
332 2377 585 2441 Acharnensinm
606 2375 817 2459 Dicaeopolin
845 2374 1107 2456 tergiversantem
1137 2377 1184 2439 sic
1218 2378 1299 2442 allo·

195 2485 315 2566 quitur:

345 2592 371 2655 τὶ
392 2580 484 2655 ταῦτα
506 2593 622 2676 στρέφει
643 2593 789 2676 τεχνάζεις
812 2614 844 2653 τε
865 2589 912 2652 καὶ
935 2592 1059 2674 πορίζεις
1080 2592 1191 2676 τριβάς

346 2701 417 2788 λαβὲ
440 2703 465 2763 δ’
489 2701 560 2786 ἐμοῦ
581 2703 607 2783 γ’
630 2699 716 2763 ἕνεκα
733 2699 801 2782 παρ’
818 2697 994 2782 Ἱερωνύμου

343 2807 680 2894 σκοτοδασυποκνὸτριχοί
701 2810 750 2872 τιν’
772 2809 872 2879 Ἄϊδος
892 2813 990 2894 κυνῆν.

344 2919 394 2983 εἶτ’
418 2920 543 3001 ἐξάνοιγε
566 2917 698 3002 μηχανὰς
720 2918 771 2987 τὰς
794 2918 921 3002 Σισύφου

344 3033 385 3097 ὡς
412 3033 538 3110 σκῆψιν
566 3028 658 3110 ἁγὼν
686 3025 769 3096 οὗτος
791 3028 852 3092 οὐκ,
870 3026 1060 3096 equitatur.

195 3164 311 3228 Forma
333 3163 502 3228 locutionis
524 3163 616 3225 varia
648 3168 729 3227 erat:
764 3162 895 3228 eandem
927 3163 1060 3245 legimus
1083 3183 1133 3246 ap.
1156 3161 1244 3228 Suid.
1270 3184 1297 3228 s.

193 3296 223 3337 v.
248 3273 341 3356 ἀγώνε
365 3271 517 3353 παροιμία·
554 3272 652 3352 ,φαγὼν
675 3270 708 3334 οὐ
743 3269 861 3355 δέχεται
894 3255 1047 3356 cribet&
1081 3271 1215 3333 τάττεται
1249 3271 1299 3335 ἐπὶ

193 3387 249 3445 τῶν
274 3381 362 3464 μηδὲν
381 3379 561 3463 ὐνιναμένων,
584 3379 608 3440 εἰ
630 3382 795 3464 σκήψαιντο.
832 3380 921 3444 Idem
937 3380 1069 3444 alteram
1091 3379 1187 3460 addit,
1212 3401 1298 3463 quae

194 3502 243 3556 est
266 3490 344 3571 ἀμὶιν
368 3486 509 3571 πρόφασιν
533 3487 747 3571 obtemperem
771 3491 898 3553 tertiam
913 3491 1036 3553 notavit
1050 3489 1148 3553 schol.
1164 3489 1296 3555 Platon.

193 3623 225 3684 p.
241 3598 304 3661 370
325 3599 379 3681 (ed
397 3597 537 3680 Bekker)
561 3597 640 3679 ἀγὼν
655 3595 797 3681 πρόφασιν
819 3595 851 3658 οὐ
868 3596 999 3682 δέχεται;
1022 3598 1157 3682 denique
1174 3599 1296 3666 Zenob.

192 3709 232 3790 il,
254 3707 296 3769 45
319 3706 452 3790 scripsit
474 3707 552 3786 ἀγὼν
574 3704 716 3790 πρόφασιν
738 3705 791 3767 οὐκ
813 3705 986 3792 ἐπιδέχεται,
1010 3707 1077 3769 οὔτε
1098 3709 1186 3791 φιλία·
1231 3709 1296 3774 His

191 3818 406 3882 locutionibus
432 3817 583 3897 omnibus,
607 3834 825 3898 quamcunque
847 3816 979 3880 formam
1000 3818 1150 3896 habeant,
1187 3827 1295 3884 tamen

189 3927 320 3991 eandem
343 3927 536 3991 sententiam
560 3926 737 4009 subjectam
759 3945 844 3996 esse,
878 3945 968 3990 nemo
992 3934 1052 4007 est,
1086 3927 1138 4008 qui
1165 3946 1228 3990 non
1250 3929 1297 3992 in·

185 4036 323 4118 tellegat.
370 4040 554 4103 Auctorem
575 4035 745 4100 locutionis
767 4036 896 4116 lbycnm
920 4035 1056 4117 Regium
1087 4036 1198 4118 fuisse,
1232 4059 1298 4104 me·

179 4145 296 4210 moriae
328 4150 484 4220 tradidit
508 4147 616 4230 Mylon
648 4143 950 4228 paroemioguaphus
984 4163 1034 4227 ap.
1063 4145 1180 4209 Zenob.
1208 4146 1229 4210 l.
1267 4168 1295 4212 c.

175 4251 240 4328 Qua
262 4255 369 4326 dere
411 4267 504 4357 plura
525 4256 667 4324 conteras
689 4254 721 4315 in
744 4258 908 4316 comment.
925 4252 966 4314 ad
978 4253 1070 4336 Ibyci
1085 4253 1163 4336 Reg.
1186 4253 1296 4336 irgmt.

165 4360 277 4429 XXIII
293 4368 405 4460 (ecl,
428 4362 678 4450 Schneidewin).
720 4361 780 4424 Vis
813 4361 982 4424 locutionis
1014 4361 1181 4427 manifesta
1203 4384 1297 4448 aper·

160 4475 247 4554 itque
265 4488 342 4552 est.
382 4535 395 4601 ,ἲ
417 4489 580 4567 dicebatur
601 4477 680 4545 errim
702 4468 741 4534 de
763 4470 822 4550 eia,
856 4469 908 4550 qui
931 4470 1105 4552 periculum
1126 4472 1296 4541 imminens
