2866 5176
696 518 735 583 57

169 719 341 785 Poetinent'
356 739 395 783 ea
413 720 513 784 verba
535 719 576 783 ad
598 719 640 802 id,
664 721 749 802 quod
770 722 981 788 Athenienses
1003 723 1151 788 celeriter
1173 731 1268 807 atque

169 836 288 894 temere
316 829 450 892 consilia
475 848 592 911 capere
621 830 780 907 solebant3
813 853 883 898 cum
917 839 1020 898 autem
1054 833 1268 915 consiliorum,

170 957 251 1021 quae
274 944 433 1021 ceperant,
455 937 582 1020 pigeret
605 957 669 1019 eos,
691 959 789 1025 saepe
813 961 851 1005 ea
870 942 962 1006 irrita
983 942 1153 1008 faciebant.
1198 941 1268 1008 Ser·

169 1067 220 1111 mo
243 1054 292 1110 est
312 1045 373 1110 hoo
393 1045 466 1110 loco
489 1046 529 1111 de
549 1048 694 1111 consulto
717 1050 828 1115 tributi
843 1051 1006 1134 eujusdam
1022 1071 1061 1116 ex
1086 1071 1181 1116 censu
1197 1070 1267 1115 con-

169 1156 307 1239 ferendi;
341 1156 425 1238 quod
447 1156 656 1220 Athenienses
680 1159 929 1241 constituerunt,
958 1166 992 1223 ut
1014 1163 1108 1226 rebus
1129 1160 1268 1245 publicis

170 1266 297 1330 afflictis
336 1264 545 1329 mederentur.
606 1263 672 1330 Sed
709 1287 778 1331 cum
817 1268 950 1352 quisque
985 1269 1068 1334 domi
1102 1269 1267 1333 consilium

169 1383 296 1460 captum
317 1375 431 1438 iterum
454 1393 560 1438 secum
583 1383 772 1458 reputasset,
793 1383 826 1442 et
847 1397 978 1442 necesse
1001 1386 1093 1456 esset,
1116 1379 1268 1442 tributum

101 1533 104 1538 -
169 1506 209 1550 ex
231 1504 328 1549 censu
350 1483 553 1547 constitutum
577 1484 718 1564 solvere,
752 1505 860 1550 omnes
889 1487 1015 1551 consilii
1038 1487 1124 1570 capti
1148 1488 1266 1570 piguit;

169 1601 202 1660 et
222 1592 406 1676 Euripidem
430 1592 484 1674 qui
504 1611 574 1656 eam
595 1594 793 1676 rogationem
812 1595 853 1659 ad
875 1596 1026 1680 populum
1050 1596 1166 1660 tulerat
1188 1616 1268 1660 eam·

137 1693 139 1696 ’
169 1723 230 1786 que
253 1704 294 1766 ob
317 1720 444 1765 causam
466 1701 569 1784 primo
592 1702 738 1766 laudibus
761 1704 862 1768 elatus
885 1712 966 1786 erat,
1001 1714 1065 1768 tum
1087 1725 1195 1769 omnes
1218 1707 1267 1770 de·

169 1812 278 1878 testati
298 1810 520 1890 exsecratique
542 1818 622 1874 sunt.
665 1811 757 1877 Haec
784 1813 907 1877 illorum
935 1834 1083 1878 versuum
1110 1815 1267 1879 sententia

168 1923 244 1986 mihi
266 1940 337 1987 esse
358 1919 497 2000 videtur5
525 1928 722 2003 quapropter
744 1925 916 2007 comprobo
940 1924 971 1985 in
994 1944 1086 1988 versu
1109 1922 1170 1985 828
1194 1924 1267 1988 Sca·

168 2032 262 2114 ligeri
286 2028 547 2108 emendationem,
570 2048 632 2109 qua
649 2029 751 2113 ἤρεσεν
767 2052 825 2114 pro
840 2029 964 2114 ἤρκεσεν
980 2032 1126 2096 codicum
1140 2033 1267 2116 legitur.

113 2124 116 2129 ¹
173 2127 177 2141 ¹
268 2141 374 2205 Etiam
406 2145 437 2208 in
471 2144 654 2227 Tagenistis
676 2142 920 2224 Aristophanem
955 2143 1127 2224 proverbio
1164 2141 1268 2210 ὁΔιὸς

167 2247 308 2334 Κόρινθος
331 2272 419 2316 usum
442 2273 521 2328 esse,
544 2254 677 2317 tradidit
699 2251 888 2315 scholiastes
911 2236 1054 2314 Platonis
1079 2272 1107 2334 p.
1131 2249 1201 2313 368.
1225 2250 1266 2315 cf.

168 2359 273 2441 frgmt.
289 2362 388 2426 Arist.
405 2360 477 2426 434.
512 2363 738 2427 Disseruerunt
760 2361 799 2425 de
820 2360 992 2444 proverbio
1008 2360 1126 2423 Zenob.
1143 2359 1200 2441 ΙΙΙ,
1215 2357 1266 2423 21.

167 2471 280 2552 Apost
304 2470 362 2552 VI,
386 2470 435 2534 17.
457 2473 531 2554 XII,
553 2471 603 2535 30.
646 2472 768 2535 Erasm.
791 2492 822 2554 p.
845 2467 916 2532 293.

268 2578 382 2644 Utrum
403 2581 437 2644 in
455 2581 530 2664 Lys.
555 2578 696 2661 138-9,
730 2579 782 2642 ubi
805 2578 982 2661 Lysistrote
1005 2578 1044 2642 de
1067 2597 1184 2660 genere
1206 2599 1267 2643 mu·

165 2687 280 2752 lierum
302 2689 383 2753 haec
406 2689 498 2752 dicit:

318 2796 371 2860 οὐκ
393 2797 459 2866 ἐτὸς
481 2797 531 2881 ἀφ’
555 2799 638 2880 ἡμῶν
661 2797 728 2860 εἰσιν
752 2796 779 2857 αἱ
802 2795 971 2878 τραγῳδίαι·

317 2906 401 2968 οὐδὲν
413 2904 478 2989 ’γάρ
501 2905 585 2988 ἐσμεν
608 2907 683 2990 πλὴν
703 2905 889 2968 Ποσειδῶν
911 2904 967 2966 καὶ
988 2904 1120 2986 σκάφη,

164 3015 288 3081 locutio
308 3015 521 3100 proverbialis
545 3017 745 3080 contineatur
761 3037 801 3078 an
817 3017 915 3078 verba
932 3012 1078 3074 Ποσειδῶν
1102 3012 1148 3074 καὶ
1169 3013 1267 3095 canipa]

164 3123 256 3186 dicta
278 3131 397 3188 tantum
421 3125 491 3204 sint,
514 3132 549 3189 ut
562 3132 659 3209 poeta
676 3125 801 3188 fabulae
817 3125 1004 3188 mentionem
1021 3123 1150 3201 faceret,
1173 3142 1267 3205 quam

164 3232 344 3317 Sophocles
366 3235 400 3297 in
422 3234 590 3316 tragoedia
612 3233 716 3315 Τυρώ,
744 3234 831 3298 utin
854 3232 984 3296 scholiis
1007 3231 1193 3314 explicatur,
1227 3231 1267 3294 de

161 3341 316 3424 Neptuno
339 3350 539 3424 narraverat,
566 3343 693 3406 dubium
717 3350 774 3407 est.
820 3342 1015 3407 scholiastes
1037 3341 1118 3404 enim
1142 3339 1212 3402 cod.
1236 3339 1266 3402 R

163 3449 273 3531 refert,
297 3452 375 3515 haee
400 3454 497 3516 verba
520 3453 680 3535 pertinere
696 3453 736 3514 ad
755 3451 902 3532 fabulam,
926 3471 1019 3534 quam
1034 3448 1211 3532 Sophocles
1234 3449 1267 3510 in

163 3561 334 3641 tragoedia-
348 3558 434 3643 Τυρώ
458 3561 497 3624 de
512 3560 659 3644 Neptuno
681 3561 867 3640 narraverit,
892 3567 924 3624 et
945 3560 1086 3643 explicat
1108 3578 1146 3622 ea
1168 3558 1267 3622 verba

163 3668 230 3731 sic:
263 3667 323 3730 ἀντὶ
357 3672 408 3730 τοῦ
441 3671 517 3751 πλήν
545 3675 587 3754 τῷ
608 3668 777 3756 βουλομένῳ
806 3668 967 3750 μίγνυσθαι·
1004 3666 1095 3751 ὁγὰρ
1119 3663 1266 3728 Ποσειδῶν

161 3778 242 3839 κατά
263 3780 340 3844 τινας
361 3779 460 3862 λαβὼν
482 3778 522 3844 εἰς
542 3781 655 3862 σκάφος
676 3776 866 3859 Μελανίππην
889 3776 1040 3858 συνῆλθεν.
1086 3776 1206 3852 Quibus
1228 3795 1267 3839 ex

162 3886 275 3949 verbis
291 3889 430 3951 obscena
451 3887 576 3950 illorum
593 3890 760 3952 verborum
775 3887 933 3951 sententia
948 3886 1061 3949 elucet.
1097 3884 1161 3949 Sed
1182 3884 1267 3948 idem

162 3995 356 4059 scholiastes
379 3996 490 4061 eodem
516 3997 588 4061 loco
616 3997 695 4060 haec
718 3996 819 4060 addit:
853 3993 914 4057 ἔστι
938 3993 1039 4056 δὲκαὶ
1062 3994 1198 4076 παροιμία
1220 3992 1267 4054 ἐπὶ

161 4105 225 4165 τῶν
247 4103 457 4185 κυλινδομένων
480 4109 523 4189 τῷ
545 4106 626 4190 αὐτῷ
647 4107 803 4188 πράγματι,
837 4103 912 4166 ἄλλο
939 4104 972 4165 δὲ
995 4102 1084 4186 μηδέν
1107 4108 1177 4164 νοεῖν
1203 4101 1266 4164 σίνε·

162 4210 310 4296 χομένονν.
370 4213 438 4303 Nec
476 4223 580 4278 tamen
618 4224 714 4297 poeta
745 4215 809 4277 illis
843 4215 948 4278 verbis
986 4214 1026 4277 ad
1063 4213 1267 4296 proverbium

162 4329 333 4405 spectasse
355 4322 490 4387 videtur.
527 4324 641 4386 Mirum
658 4332 714 4404 est,
737 4324 823 4406 quod
844 4322 1120 4407 paroemiographi
1143 4321 1182 4386 de
1204 4321 1265 4384 hoo

161 4432 340 4517 proverbio
362 4432 440 4495 nihil
461 4431 612 4498 referunt.

194 4615 197 4621 ,
266 4539 341 4603 Alia
363 4542 577 4623 proverbialis
599 4541 721 4606 locutio
744 4549 806 4621 est,
830 4561 922 4623 quam
943 4541 976 4603 in
998 4540 1075 4622 plut.
1102 4536 1264 4598 1125-27

161 4647 310 4733 legimus,
333 4650 387 4714 ubi
408 4656 575 4735 postquam
591 4651 769 4715 Mercurius
785 4656 917 4733 questus
932 4658 989 4730 est,
1012 4649 1096 4731 quod
1115 4648 1266 4728 homines
