2782 5032
674 288 871 385 ‚ffl-

228 492 370 577 explicat
390 492 439 556 his
455 492 583 556 verbis:
607 494 748 574 παρῆκται
771 489 828 572 (se.
851 486 1000 571 παροιμία)
1022 486 1080 550 ἀπὸ
1104 490 1161 551 τῶν
1182 487 1352 572 πιμρδὲν.

226 624 284 663 των
306 602 372 684 παρ’
392 597 578 680 Ἱππομένους
599 599 645 661 ἐπὶ
662 596 845 680 Ἀταλάντην
872 599 990 681 μήλων·
1022 593 1175 681 προῦκειτο
1196 596 1245 680 μὲν
1265 601 1351 695 γὰρ

227 706 358 772 ἔπαθλον
380 714 423 792 τῷ
445 712 554 771 νικῶντι
575 711 626 790 τὴν
642 703 824 789 Ἀταλάντην
845 704 945 788 δρόμῳ
968 705 983 766 ὁ
1006 705 1113 788 ταύτης
1133 706 1233 788 γάμος.
1268 705 1350 790 Εἰς

227 817 351 900 ἅμιλλαν
373 820 441 899 γοῦν
465 817 480 878 ὁ
500 814 671 900 Ἱππομένης
692 815 836 883 καταστὰς
863 818 958 898 χρυσᾶ
984 817 1067 896 μῆλα
1087 812 1224 898 πρότερον
1244 828 1345 904 παρὰ

226 931 278 1008 τῆς
296 923 474 1010 Ἀφροδίτης
497 927 606 1010 λαβὼν,
628 925 675 986 καὶ
696 929 786 987 ταῦτα
808 924 911 1007 ῥίπτων
933 923 1022 1004 αὐτῆς
1036 921 1213 1006 περιγέγονεν
1235 921 1339 1014 α’σχο.

230 1033 373 1117 λουμένης
394 1034 460 1118 περὶ
481 1036 532 1117 τὴν
553 1038 610 1094 τῶν
633 1035 736 1115 μήλων
758 1033 913 1115 συλλογήν.
947 1032 1143 1097 Scholiastes
1160 1031 1236 1096 haec
1256 1038 1334 1105 tan.

227 1151 306 1208 tum:
329 1142 389 1204 ἀντὶ
404 1145 453 1205 τοῦ
476 1141 575 1224 ἔρωτι·
600 1143 772 1226 μηλοβολεῖν
794 1140 848 1223 γὰρ
872 1138 973 1221 ἔλεγον
995 1140 1028 1201 τδ
1051 1140 1092 1206 εἰς
1108 1139 1254 1223 ἀφροδίσια
1282 1147 1328 1211 δε.

228 1252 355 1323 λεάζειν·
389 1250 434 1312 ἐπὶ
460 1251 506 1312 καὶ
533 1254 564 1312 τδ
591 1254 684 1333 μῆλον
703 1246 878 1332 Ἀφροδίτης
900 1249 974 1312 ἐστὶν
995 1248 1082 1332 ἱερόν.
1127 1247 1166 1312 cf.
1188 1247 1320 1318 Theocr.
1388 1294 1390 1299 ι

226 1357 590 1440 wesema:

377 1488 492 1555 Βάλλοι
514 1515 563 1575 τοι,
588 1490 759 1575 Πολόραμε,
783 1494 815 1553 τδ
838 1491 973 1572 ποίμνιον,
999 1490 1018 1553 ἁ
1039 1482 1183 1552 Γαλάτεια

378 1600 528 1674 Μαίλοισιν,
551 1601 704 1684 δυσέρωτα
726 1600 773 1662 καλ
794 1599 914 1661 αἰπόλον
936 1597 1028 1681 ἄνδρα
1050 1599 1186 1682 καλοῦσα,

227 1755 318 1817 quem
340 1735 444 1800 locum
460 1736 624 1817 Vergilius
646 1736 717 1799 bue.
742 1733 812 1815 3,δ4
831 1735 971 1798 imitatus
995 1740 1056 1798 est:
1083 1732 1182 1813 ,malo
1199 1748 1243 1794 me
1257 1724 1305 1791 Ga·

225 1844 310 1908 lates
332 1845 422 1927 petit,
444 1845 567 1908 lascivo
589 1844 726 1928 puella“.

325 1986 398 2050 Huc
422 1993 548 2070 spectat
569 1987 688 2050 locutio
711 1986 792 2070 περὶ
821 1984 903 2047 ὄνου
933 1988 1044 2064 σκιᾶς,
1068 2006 1159 2068 quam
1181 1984 1211 2047 iu
1230 1996 1302 2060 vesp.

226 2093 285 2156 191
319 2095 467 2178 legimus,
500 2096 555 2158 ubi
589 2094 774 2158 Philocleon
808 2096 849 2159 ad
876 2095 1123 2178 Bdelycleouem
1153 2101 1303 2157 conversus

225 2203 317 2266 dicit:
362 2203 386 2264 εἰ
421 2205 461 2286 μὴ
500 2205 527 2284 μ’
563 2203 679 2265 ἐάσεσδ’
715 2204 839 2288 ἥσυχον,
874 2204 1057 2287 μαχούμεθα.
1102 2203 1181 2266 Tum
1210 2193 1303 2275 Bdely·

226 2312 330 2376 cleon:
376 2312 440 2392 περὶ
472 2313 523 2373 τοῦ
562 2315 653 2395 μαχεῖ
686 2317 742 2395 νῷν
781 2313 868 2393 δῆτα
902 2319 932 2377 et
967 2311 1022 2375 ille
1050 2311 1166 2394 jocose
1196 2319 1303 2389 respon·

225 2420 292 2484 det:
326 2419 390 2503 περὶ
433 2416 500 2481 ὄνου
537 2423 626 2486 σκιᾶς.
681 2421 730 2485 Βο
766 2422 889 2503 origine
930 2411 1102 2485 locutionis
1139 2417 1305 2484 scholiastes

226 2528 304 2592 hacc
327 2548 365 2592 ex
389 2529 495 2591 fabula
518 2536 666 2612 prompta
687 2529 798 2594 refert:
834 2531 1069 2594 adolescentem
1091 2528 1305 2593 Atheniensem

226 2637 281 2719 qui
305 2637 468 2719 Megaram
498 2638 550 2701 vel
571 2638 713 2721 Delphos
743 2637 789 2720 (ut
810 2640 842 2701 in
864 2642 946 2722 App.
970 2630 1029 2717 lV,
1047 2635 1101 2720 26)
1129 2639 1189 2700 iter
1215 2633 1308 2697 fauere

229 2747 456 2827 constituisset,
481 2746 601 2810 asinum
625 2747 686 2809 sibi
710 2748 899 2811 conduxisse
921 2747 961 2810 ad
978 2742 1122 2810 sarcinae
1136 2739 1307 2830 portandas

227 2863 370 2938 tempore
393 2855 568 2919 meridiano
592 2877 662 2919 cum
685 2856 761 2919 solis
784 2856 914 2920 ardores
937 2856 1063 2919 maximi
1086 2862 1198 2934 esseut,
1219 2855 1310 2929 neque

227 2963 344 3027 alicubi
368 2965 471 3043 locus,
500 2965 554 3047 qui
576 2966 719 3028 umbram
739 2968 921 3048 praeberet,
944 2966 977 3028 in
1000 2965 1122 3029 asinum
1143 2958 1313 3029 ascendisse

226 3091 296 3136 eum
320 3081 352 3138 et
374 3074 519 3137 sarcinas
541 3072 587 3136 ita
610 3073 819 3156 disposuisse,
853 3087 887 3137 ut
913 3077 971 3138 sub
998 3077 1108 3138 umbra
1130 3073 1312 3138 sarcinarum

228 3184 318 3246 asino
341 3183 504 3246 insideret.
550 3183 629 3246 Tum
653 3183 823 3246 asinarium
846 3182 974 3262 dixisse,
998 3204 1058 3246 nou
1082 3203 1120 3248 ea
1143 3177 1298 3247 condition

226 3311 261 3356 se
283 3292 405 3355 asinum
426 3292 567 3370 locasse,
600 3301 634 3355 ut
654 3292 708 3355 ille
730 3293 800 3376 ipse
823 3313 860 3357 eo
883 3298 1036 3373 uteretur,
1067 3293 1124 3357 sed
1151 3296 1261 3355 tantum
1285 3295 1298 3336 1'

227 3401 376 3466 sarcinae
398 3407 615 3485 portarentur,
640 3401 873 3466 adulescentem
895 3409 1007 3481 autem,
1031 3403 1153 3465 asinum
1174 3399 1298 3462 umbrafl

227 3530 288 3592 que
310 3510 392 3573 asini
415 3530 450 3574 se
473 3509 671 3574 conduxisse.
706 3510 775 3588 Qua
790 3512 829 3575 de
844 3532 879 3576 re
896 3532 965 3574 cum
987 3512 1071 3576 inter
1093 3530 1149 3577 eos
1169 3528 1230 3573 uon
1249 3512 1298 3568 αθ]

225 3617 375 3697 venisset,
399 3619 537 3682 arbitros
560 3620 678 3684 adiisse
699 3640 769 3699 eos;
793 3621 875 3682 uude
899 3621 953 3684 illo
969 3641 1009 3684 ex
1030 3631 1173 3704 tempore
1194 3604 1298 3680 locuti*

226 3744 296 3788 nem
319 3727 382 3807 περὶ
410 3723 476 3788 ὄνου
504 3731 583 3795 σκιᾶς
611 3729 758 3813 μάχεσθαι
784 3730 814 3792 iu
847 3729 961 3812 vulgus
994 3728 1212 3811 pervulgatam
1241 3731 1296 3787 085

226 3843 410 3918 usurpatam
434 3836 473 3899 de
495 3837 555 3918 eis,
586 3838 703 3921 quide
727 3839 824 3901 nihilo
848 3845 1018 3903 certarent.
1063 3837 1103 3902 cf.
1126 3818 1296 3901 zenonv

225 3939 276 4007 28.
320 3945 404 4026 App.
428 3944 487 4023 lV,
521 3943 570 4008 26.
625 3946 742 4009 Iterum
774 3946 891 4028 legitur
921 3947 1039 4010 locutio
1069 3947 1102 4009 in
1127 3940 1230 4028 'fugmt
1248 3929 1295 4000 23

226 4071 288 4133 quo
323 4071 362 4115 ex
384 4050 500 4116 Photio
524 4076 554 4137 p.
578 4053 689 4133 338,1s
712 4055 790 4119 haee
813 4057 967 4119 translata
991 4060 1075 4119 sunt:

289 4173 357 4237 ὄνου
381 4177 457 4240 σκιαί.
476 4175 523 4243 Ἀ.
549 4180 701 4262 δαιδάλῳ·
725 4202 753 4240 α.
775 4180 838 4262 περὶ
860 4184 910 4242 τοῦ
931 4179 985 4262 γὰρ
1008 4179 1071 4259 ὑμῖν
1094 4179 1109 4241 ὁ
1130 4176 1253 4260 πόλεμος

746 4293 794 4352 νῦν
815 4289 886 4371 ἐστι;
909 4290 935 4374 β.
958 4287 1023 4370 περὶ
1045 4286 1113 4351 ὄνου
1136 4288 1222 4354 σκιᾶς.

227 4409 337 4477 Simile
360 4418 409 4477 cst
443 4411 528 4498 apud
555 4433 611 4476 uos
637 4434 706 4491 ,um
729 4413 785 4478 des
806 4414 939 4478 Kaisers
962 4412 1041 4475 Bart
1063 4411 1221 4477 streiten.“
