2782 5032
659 39 697 89 dl

148 228 286 292 cntionem
309 227 492 293 adhibuisse
517 229 578 292 hoc
604 228 715 294 modo:
749 227 840 311 ὅρμου
860 225 1001 311 παρόντος
1023 227 1074 312 τὴν
1097 225 1225 308 ἀτραπὸν

147 335 294 420 recepitur,
318 337 518 402 tradiderunt
532 338 665 402 Photius
681 359 711 421 p.
728 335 841 417 315‚12
864 346 896 401 et
911 336 1036 402 Suidas.
1061 337 1100 400 cl.
1120 337 1224 420 frgmt.

97 428 101 555 l
145 445 206 512 143.
238 445 356 523 Quodsi
377 445 498 510 Erasm.
522 468 552 528 p.
571 445 628 508 701
652 446 822 510 locutionis
844 447 907 509 vim
929 447 1013 510 hanc
1039 466 1110 512 esse
1130 445 1223 510 dicit:

97 558 100 565 '
144 555 317 633 „conveniet
338 555 486 638 adagium
507 556 540 619 in
562 556 820 638 tergiversantes,
845 556 977 638 quiquo
999 574 1153 640 praesens
1176 575 1226 620 ne·

141 663 247 744 gotium
268 663 430 746 sulfigiant
444 664 636 728 diverticula
653 664 812 748 captaut“,
833 664 915 729 hauc
930 664 1225 749 interpretationem

142 774 335 856 comprobare
358 794 419 838 nou
453 793 594 856 possum,
628 793 730 856 neque
762 773 843 853 scio,
876 771 959 837 unde
981 772 1132 838 Erasmus
1155 792 1224 838 eam

141 881 286 962 petiverit.

225 1022 311 1088 Idem
334 1022 494 1105 siguificat
515 1023 648 1101 locutio,
684 1043 766 1107 quae
793 1030 843 1087 est
869 1021 962 1092 ὅστις
991 1020 1064 1105 olda
1085 1020 1121 1084 τὸ
1146 1024 1224 1085 λευ-

140 1126 225 1212 πονῆ
250 1128 286 1192 a
317 1131 440 1216 μένον,
474 1152 568 1215 quam
596 1131 844 1215 Aristophanem
870 1131 903 1195 n
928 1108 1109 1216 equino
1139 1151 1225 1195 usur-

141 1254 235 1318 passe:

263 1377 311 1444 νῦν
332 1381 359 1442 δ’
377 1377 555 1465 Ἀρίγνωτον
576 1381 633 1465 γὰρ
655 1381 750 1450 οὐδεὶς
772 1379 847 1448 ὅστις
870 1381 923 1443 οὐκ
946 1379 1101 1454 ἐπίσταται,

268 1488 344 1558 ὅστις
364 1489 383 1572 ἢ
405 1492 443 1552 τὸ
466 1490 591 1554 λευκὸν
615 1488 691 1553 οἶδεν
712 1489 731 1572 ἢ
754 1493 809 1553 τὸν
833 1487 950 1574 ὄρθιον
972 1487 1091 1573 νόμον,

97 1704 99 1709 ,
140 1624 194 1708 jan
214 1632 413 1696 Aristarchus
435 1632 673 1714 animadvertit,
704 1640 786 1698 teste
810 1633 999 1697 scholiasta:
1029 1629 1224 1717 Ἀρίσταρχος

97 1750 99 1821 j
143 1736 257 1820 aapdth
280 1738 433 1823 λεγόμενον
469 1740 588 1822 „do-tac
623 1739 697 1804 olda
730 1741 767 1803 τὸ
801 1740 926 1803 λευκὸν
957 1738 976 1821 ἢ
1009 1740 1046 1802 τὸ
1079 1739 1223 1824 μέλανιί,

97 1872 100 1899 ι
144 1838 219 1924 quarn
239 1848 427 1915 locutionem
450 1851 531 1914 clins
555 1851 744 1916 scholiastes
766 1850 908 1934 explicat
929 1850 990 1912 sio:
1018 1849 1156 1933 παροιμία
1177 1849 1223 1912 ἐπὶ

143 1955 188 2014 τῶν
206 1956 273 2020 πάνυ
300 1964 442 2043 φανερῶν.
491 1961 543 2024 Ad
570 1960 794 2043 Aristophanis
827 1979 953 2024 versum
985 1958 1223 2041 intelligendum

143 2056 207 2128 haec
227 2073 296 2130 sunt
316 2068 495 2149 afferenda:
516 2077 636 2154 poetae
658 2070 759 2134 nostri
781 2071 979 2157 temporibus
1003 2068 1065 2132 duo
1084 2067 1223 2132 modula·

144 2168 243 2238 tonum
263 2196 382 2257 genera
404 2178 568 2242 celebrata
591 2183 689 2256 erant,
711 2199 844 2261 quorum
859 2181 993 2245 alterum
1014 2176 1030 2239 ὁ
1054 2174 1157 2243 λευκὸς
1179 2173 1223 2238 νο·

97 2348 99 2357 ,
144 2298 192 2360 μοι,
214 2284 341 2350 alterum
364 2286 380 2347 ὁ
404 2283 502 2369 ὄρθιος
524 2283 611 2370 νόμας
631 2289 816 2377 aucupatur,
840 2288 925 2370 quod
946 2286 1120 2371 praecipue
1132 2286 1224 2368 Arig-

97 2478 99 2485 Ι
144 2395 219 2453 retus
248 2396 432 2477 exercebat3
467 2402 664 2481 quapropter
696 2405 793 2482 poeta
820 2397 1027 2461 reminiscens
1049 2394 1221 2459 locutionis

97 2498 99 2547 i
145 2488 204 2566 idat
222 2498 279 2566 οἶδε
300 2502 333 2566 τὸ
358 2503 461 2566 λευκὸν
484 2502 503 2586 ἢ
526 2503 559 2566 τὸ
583 2504 674 2588 μέλαν
697 2527 756 2590 pro
779 2506 811 2569 τὸ
837 2505 928 2590 μέλαν
952 2504 1033 2569 dixit
1053 2502 1102 2564 τὸν
1125 2499 1220 2585 ὄρθιον

143 2598 220 2687 νόμιν.
250 2611 316 2677 Nos
339 2633 466 2695 quoque
487 2613 633 2679 similiter
649 2615 757 2680 dicere
773 2616 910 2680 solemus
935 2615 1010 2695 „das
1034 2611 1117 2677 sieht
1139 2610 1221 2675 doch

143 2707 230 2801 leder,
252 2721 308 2787 der
330 2722 473 2785 schwarz
496 2742 557 2786 von
580 2724 674 2788 weiss
698 2724 942 2789 unterscheiden
964 2723 1079 2786 hann“.
1125 2718 1221 2804 Apud

97 2856 99 2867 ·
143 2813 280 2894 Romanos
302 2831 455 2895 locutioni
481 2831 590 2912 „albus
614 2855 654 2896 an
676 2843 744 2898 ater
768 2834 812 2897 sis
833 2833 962 2899 nescio“
991 2831 1056 2896 alia
1077 2829 1127 2891 vis
1151 2830 1220 2891 sub·

141 2922 212 3004 jecta
231 2945 312 3020 erat;
346 2940 495 3004 dicebant
518 2941 599 3005 enim
621 2941 758 3006 Romani
780 2942 862 3006 hanc
885 2941 1076 3008 locutionem
1102 2940 1142 3004 de
1164 2940 1219 3019 eis,

144 3052 207 3116 quos
224 3068 352 3130 prorsus
374 3048 582 3132 negligerent,
604 3050 703 3114 veluti
727 3050 843 3115 Gatnll.
867 3050 951 3131 932:

263 3199 308 3262 nil
330 3200 457 3262 nimium
479 3199 600 3278 studeo,
622 3199 751 3280 Caesar,
773 3203 833 3266 tibi
855 3203 939 3267 velle
961 3201 1098 3285 placere,

261 3329 319 3373 nec
343 3310 434 3390 scire,
456 3319 560 3373 utrum
581 3309 626 3373 sis
647 3310 739 3374 albus
763 3331 804 3374 an
827 3320 896 3377 ater
917 3310 1019 3375 homo.

144 3552 150 3567 ἱ
223 3457 287 3524 oie.
310 3460 450 3544 Philipp.
472 3460 514 3541 Il,
540 3459 592 3524 16:
626 3461 803 3544 etquidem
826 3462 913 3542 vide,
938 3480 1030 3542 quam
1053 3464 1085 3523 te
1107 3458 1222 3522 amarit

142 3573 172 3640 1⁸,
189 3567 236 3646 qui
257 3570 346 3632 albus
376 3577 487 3634 aterve
510 3567 607 3634 fueris
629 3571 781 3654 ignorans
804 3568 914 3634 fratris
929 3568 1025 3631 filium
1041 3567 1219 3650 praeteriit.

223 3708 332 3776 Tertia
353 3710 495 3795 ejusdem
518 3712 762 3794 significationis
791 3712 912 3778 locutio
944 3717 1006 3776 est:
1039 3713 1083 3794 τῷ
1115 3711 1218 3794 πυφλιμ

142 3803 230 3900 δῆλον,
260 3839 352 3902 quam
375 3821 609 3905 Aristophanes
642 3821 674 3884 in
706 3820 785 3904 plut.
808 3820 850 3884 48
884 3818 1065 3904 usurpavit:
1100 3817 1146 3881 καὶ
1177 3821 1220 3902 τῷ

141 3923 226 4008 opto
245 3933 349 4010 piram
370 3930 453 3992 δοκεῖ
472 3933 566 4012 τοῦτο,
586 3931 639 3994 nbi
655 3930 757 3993 schol:
782 3931 917 4016 παροιμία
932 3927 1000 4009 ἐστὶ,
1023 3927 1126 4012 τυφλῷ
1143 3927 1220 4010 δῆλα

143 4019 170 4085 ti
188 4036 333 4121 μαρτύρια,
367 4039 418 4103 vel
441 4047 474 4103 ut
495 4039 527 4102 in
550 4040 635 4104 aliis:
667 4039 806 4122 παροιμία
830 4040 903 4121 ἐστὶ,
931 4042 974 4122 τῷ
994 4038 1097 4121 topini
1119 4036 1219 4118 δῆλον,

142 4127 178 4197 iti
195 4145 245 4207 τίον
268 4145 342 4210 πὰνυ
366 4147 557 4233 οαρεοτοίτων
580 4144 733 4232 λεγομένη.

1104 4260 1121 4312 6
