2782 5032
596 343 749 408 21·

62 544 111 607 ris
135 544 297 609 translata
319 544 507 625 continetur,
531 567 601 610 eum
623 547 828 630 proverbium
843 545 883 611 de
898 547 946 611 eis
961 546 1095 629 dicetur,
1117 548 1172 631 qui

63 652 186 716 frustra
210 654 333 736 aliquid
357 662 465 735 agunt.

166 762 232 826 Vel
256 763 428 845 proverbio
444 763 506 846 ipsi
529 763 723 846 significatio
745 766 886 828 obscena
900 765 985 829 inest
996 764 1030 828 in
1052 765 1170 831 eccles.

59 868 135 949 255,
168 873 224 934 ubi
246 873 411 936 mulierum
433 894 496 936 una
519 880 648 954 rogata,
672 872 749 954 quid
772 872 894 937 laetum
919 874 974 954 sit,
998 874 1025 937 si
1048 875 1171 939 malea

58 979 459 1044 Neoclidesibidioaturu
468 979 736 1064 δ’,ῆνΝεοκλείόῆς,
750 981 765 1042 ὁ
777 983 900 1064 γλάμων
913 1004 946 1044 σε
955 983 1170 1065 λοιδορῆΙιαυυ

57 1089 253 1173 respondet:
276 1097 371 1172 τούτῳ
387 1087 438 1172 μὲν
456 1088 536 1152 εἶπον
559 1089 588 1157 ἐς
615 1092 720 1158 κυνὸς
742 1092 853 1173 πυγὴν
870 1089 950 1175 ὁρᾶν,
979 1091 1035 1154 ubi
1069 1091 1169 1157 schol.

56 1197 201 1282 παροιμία
230 1198 346 1281 παιδικὴ
382 1198 429 1261 ἐπὶ
460 1202 518 1260 τῶν
550 1197 800 1282 ὀφθαλμιώντων,
834 1198 883 1266 εἰς
915 1199 1020 1266 κυνὸς
1052 1200 1169 1282 πυγὴν

58 1305 146 1387 ὁρᾶν
182 1306 246 1368 καλ
278 1309 383 1385 τριῶν
418 1305 632 1370 ἀλωπέκων.
676 1307 768 1371 Haeo
791 1308 889 1391 igitur
911 1309 1028 1392 jocosa
1048 1310 1169 1374 locutio

56 1413 97 1478 de
118 1414 226 1498 lippis
248 1415 281 1477 in
304 1436 361 1478 usu
385 1423 463 1496 erat,
487 1417 585 1499 quisi
608 1417 638 1478 in
662 1416 808 1500 podicem
830 1418 919 1480 oanis
934 1417 1091 1500 triumque
1105 1418 1170 1482 vul·

57 1524 147 1607 pium
172 1524 398 1609 inspexissent,
421 1523 560 1589 futurum
582 1544 662 1606 esse,
685 1536 720 1589 ut
734 1527 775 1589 ab
790 1527 953 1589 oculorum
968 1529 1079 1590 morbo
1094 1527 1169 1591 libe

55 1641 218 1698 narentur.
243 1632 283 1698 ef.
306 1636 420 1717 Apost.
442 1633 499 1715 VI,
522 1632 572 1698 84.
595 1635 679 1717 App.
702 1634 754 1715 IL,
777 1631 827 1697 25.
868 1635 993 1717 Tetigit
1014 1636 1074 1700 hoo
1096 1654 1168 1719 pro·

57 1743 208 1807 verbium
231 1742 464 1827 Aristophanes
486 1742 519 1805 in
541 1744 621 1807 th.
643 1740 805 1808 een-63:

265 1851 335 1935 ὑμὲς
357 1852 391 1931 δ’,
414 1849 478 1912 ὅσοι
501 1847 643 1936 Θείβαθεν
665 1850 788 1935 αὐληταὶ
809 1852 899 1935 πάρα,

264 1964 322 2029 τοῖς
344 1960 466 2028 ἀστίνοις
489 1965 600 2044 φυσῆτε
621 1960 676 2022 πὸν
698 1960 857 2043 πρωκτὸν
881 1958 995 2042 κυνός,

56 2072 112 2133 ubi
135 2070 256 2134 schol:
279 2072 326 2131 τὸν
350 2069 383 2131 δὲ
405 2072 537 2151 πρωκτὸν
560 2072 644 2138 κυνὸς
659 2068 816 2153 κομμάτιον
832 2069 906 2131 ἐστιν
929 2068 987 2131 ἀπὸ
1003 2070 1166 2153 παροιμίας,

57 2180 94 2262 ῆν
114 2182 179 2247 τοῖς
202 2178 403 2262 ὀφθαλμιῶσιν
426 2175 546 2261 ἔλεγον,
562 2177 609 2245 ,ἐς
631 2177 766 2261 πρωκτὸν
794 2177 879 2245 κυνὸς
905 2177 1005 2264 βλέπε.
1050 2180 1167 2245 Obsce·

58 2290 155 2352 niora
175 2289 257 2353 haee
280 2295 360 2368 suut,
395 2308 489 2372 quem
510 2293 546 2350 ut
566 2286 660 2370 plura
690 2288 790 2351 verba
821 2286 952 2370 facium,
985 2296 1021 2352 ut
1042 2289 1166 2355 Erasm.

58 2419 89 2481 p.
112 2395 186 2479 316,
210 2396 442 2463 deeoredioit:
480 2396 556 2474 „hes
589 2395 736 2478 prolecto
766 2416 867 2478 nugas
895 2398 1023 2481 pigeret
1049 2398 1167 2463 adseri·

58 2508 146 2586 bere,
169 2505 423 2593 uippropositum
447 2512 544 2584 esset,
579 2504 671 2588 operi
704 2512 856 2589 suscepto
879 2526 937 2588 per
959 2507 1065 2573 omnia
1087 2508 1167 2572 satis

59 2615 201 2680 faeere.“
241 2636 243 2643 ’
271 2642 273 2647 ·

140 2722 284 2800 ‘Quodsi
317 2724 350 2787 in
379 2722 485 2806 frgmt.
510 2720 570 2784 601
606 2720 660 2803 (ef.
685 2721 856 2803 Phrynieh.
879 2722 981 2788 Bekk.
1003 2745 1037 2809 p.
1057 2722 1165 2809 3137)

58 2834 197 2916 legimus
229 2835 343 2914 γαλῆν
376 2828 655 2893 καταπέπωκεν·
695 2826 743 2894 Ἀ.
770 2830 820 2892 ἐπί
837 2852 910 2899 τινος
931 2830 999 2895 νέου
1020 2832 1062 2916 μὴ
1085 2834 1167 2902 δυνα-

58 2941 148 3025 μένου
180 2940 371 3026 φθέγξασθαι·
403 2939 526 3023 χρήσαιο
556 2937 619 3003 δ’ἂν
648 2939 695 3001 καὶ
722 2938 809 3006 αὐτὸς
835 2940 882 3003 ἐπὶ
908 2945 1015 3009 παντὸς
1037 2942 1103 3023 (τοῦ
1123 2943 1165 3025 μὴ

58 3051 151 3115 addit
166 3049 344 3132 Bekkerus)
359 3047 571 3134 φθεγγομένου,
592 3071 656 3114 non
673 3049 801 3113 dubium
816 3049 894 3112 mihi
909 3056 966 3131 est,
989 3052 1064 3134 quin
1084 3051 1165 3116 haee

58 3161 182 3224 locutio
203 3158 302 3224 fuerit
323 3159 478 3241 vulgaris;
500 3178 572 3221 nam
595 3159 862 3242 etsinonaperte
881 3159 1073 3241 dictumest,
1094 3180 1165 3225 eam

57 3288 134 3333 esse
145 3268 393 3352 proverbialem,
416 3279 523 3331 tomen
546 3287 586 3330 ex
606 3268 733 3332 ratione
748 3268 993 3353 interpretandi,
1008 3289 1165 3353 quoeper

56 3382 162 3442 verbe
182 3376 232 3440 ἐπί
250 3398 332 3443 τινος.
350 3400 377 3440 κ.
393 3400 418 3439 τ.
435 3375 458 3439 ἑ.
475 3375 519 3456 fit,
542 3377 759 3459 intelligimus²
782 3378 976 3442 locutionem
998 3379 1165 3461 vulgarem

57 3508 78 3551 a
107 3486 290 3569 Phrynicho
323 3486 465 3549 habitem
501 3505 581 3549 esse.
646 3485 741 3550 Unde
773 3487 978 3570 proverbium
1010 3488 1165 3569 originem

57 3595 201 3674 duxerit,
230 3617 250 3673 ε
271 3595 452 3677 Phrynicho
480 3614 543 3658 nou
565 3602 615 3659 est
636 3594 803 3673 traditum
838 3615 942 3679 neque
964 3595 1091 3660 aliunde
1114 3616 1164 3661 ex·

56 3706 187 3788 quirere
208 3704 310 3789 potui.
350 3704 637 3787 Peroemiographi
659 3704 741 3768 enim
765 3709 905 3767 nostram
929 3704 1057 3787 quidem
1077 3705 1163 3770 loou·

55 3816 178 3879 tionem
224 3834 288 3878 non
324 3819 532 3893 notaverunt,
579 3813 637 3876 sed
691 3812 785 3875 aliam
826 3812 961 3877 similem
998 3816 1163 3898 praebent,

57 3942 143 4006 quae
165 3929 216 3988 est
235 3926 328 4004 γαλῆν
351 3919 445 4005 ἔχεις·
480 3941 530 4005 ap.
554 3923 650 4003 Diog.
672 3921 730 4003 ΙΙΙ,
753 3920 811 3989 84;
845 3922 891 3984 ἐπὶ
912 3926 970 3984 τῶν
994 3923 1163 3986 ἀποτευκτι-

58 4035 135 4094 κῶν·
167 4029 293 4115 παρόσον
327 4030 353 4092 οἱ
381 4033 473 4112 γαλῆν
504 4028 622 4115 ἔχοντες
645 4029 698 4093 οὐκ
720 4031 888 4116 εὐτυχοῦσι,
921 4053 994 4097 nam
1027 4032 1163 4098 mustela

59 4143 146 4205 inter
165 4141 314 4205 animalia
336 4141 538 4224 inauspicata
566 4149 599 4205 et
620 4139 760 4204 infausta
786 4140 937 4223 refertur,
972 4141 1013 4206 of.
1035 4142 1161 4208 Aelian.

60 4273 127 4332 περ.
153 4252 236 4322 ζώων
263 4249 299 4313 λδ.
321 4249 395 4330 XV,
418 4249 459 4313 Π.
505 4249 569 4314 Sed
592 4269 631 4314 ex
657 4250 718 4314 hoo
747 4251 921 4335 proverbio
936 4251 1030 4315 nihil
1056 4252 1161 4336 repeti

62 4360 219 4442 possead
239 4357 461 4443 explicandum
494 4358 587 4440 illud,
624 4359 767 4441 quisest
792 4360 847 4443 qui
878 4381 941 4424 uon
974 4360 1161 4443 intellegat?

64 4467 280 4553 Quare-origo
302 4469 474 4534 locutionis
496 4475 626 4534 nostrae
647 4470 787 4535 obseura
808 4476 922 4535 manet.
