2782 5032
584 313 622 378 17

503 401 704 413 ——-—-—-

47 516 118 582 deis
141 536 238 583 sacra
265 516 372 583 faeere
397 517 567 601 desierunt,
596 519 685 584 coelo
712 518 826 584 relicto
852 519 885 582 iu
912 518 1038 583 domum
1059 516 1156 612 (ihre-¹

46 626 124 709 myli
147 627 313 710 profectus
343 628 432 691 cibus
454 630 545 711 petit.
595 631 751 711 Apparet,
784 629 866 692 hane
893 629 1083 697 seutentiam
1112 631 1153 693 ab

46 736 279 820 Aristophane,
301 737 425 820 patriae
447 737 676 818 amantissimo,
700 738 939 820 comprobatam
961 759 1023 802 non
1046 738 1153 805 fuisse.

47 843 129 908 Orta
154 845 240 908 enim
261 852 312 909 est
333 866 372 910 ea
398 866 419 909 a
445 846 597 930 sophistis
630 846 716 909 illius
743 846 904 930 temporis.
957 847 1082 911 Attinet
1113 845 1154 910 ad

47 953 119 1033 hoc,
142 954 233 1036 quod
255 954 405 1018 Erasmus
420 976 450 1038 p.
467 953 526 1017 331
551 955 642 1018 dicit:
669 956 771 1034 ,unde
792 962 824 1020 et
842 954 992 1020 Socrates
1014 961 1153 1038 rogatus,

49 1062 173 1144 cujatis
197 1071 294 1144 esset,
327 1061 474 1146 κοσμικός,
501 1064 520 1127 i.
544 1083 571 1127 e.
595 1056 785 1127 mundanum
808 1083 842 1128 se
864 1084 936 1128 esse
957 1065 1152 1149 respondit.“

46 1170 240 1255 Euripidem
276 1173 402 1254 quidem
438 1193 508 1237 cam
544 1174 734 1237 sententiam
766 1193 923 1256 persaepe
955 1173 1155 1256 libenterque

47 1301 234 1365 usurpasse,
258 1281 374 1346 docent
394 1283 472 1361 loci,
496 1283 594 1346 veluti
616 1282 749 1345 Phaeth.
772 1281 877 1364 frgmt.
901 1280 963 1344 774
990 1284 1030 1349 ὡς
1052 1305 1155 1344 παντα-

48 1393 104 1473 χοῦ
128 1413 166 1471 γε
189 1390 289 1472 πατρὶς
311 1392 329 1472 ἡ
353 1389 500 1472 βόσκουσα
522 1395 559 1471 γῆ
588 1391 728 1454 etmulti
750 1390 815 1453 alii.
859 1391 993 1454 Poetam
1014 1392 1160 1456 nostrum

48 1499 138 1562 illam
162 1501 352 1564 sententiam
373 1521 441 1565 eam
464 1502 505 1563 ob
528 1520 656 1563 causam
677 1500 808 1580 dixisse,
844 1506 878 1562 ut
912 1499 1031 1563 exteris
1059 1501 1155 1564 rebus

50 1607 198 1674 faventes
214 1611 396 1692 castigaret,
419 1609 626 1673 Thicrschius
642 1618 675 1672 ct
689 1608 948 1673 Hemsterhusins
965 1608 1154 1690 docueruut;

50 1718 102 1798 qui
118 1716 215 1782 'idem
238 1725 376 1798 annotat,
398 1719 463 1781 illis
487 1719 593 1784 verbis
610 1718 857 1802 Aristophanem
871 1718 976 1780 locum
991 1717 1155 1800 Euripidis

51 1827 209 1908 quendam
233 1828 428 1910 designasse.
473 1827 521 1889 Ex
548 1827 656 1891 fabula
683 1827 873 1911 depromptu
900 1845 971 1891 esse
998 1826 1154 1907 videntur,

53 1957 132 2018 quae
156 1935 274 2000 Zenob.
297 1937 337 2017 V,
359 1935 401 1997 74
420 1936 531 2002 refert:
562 1940 642 1998 πᾶσα
669 1941 706 2019 γῆ
733 1935 845 2015 πατρίς·
877 1937 962 1997 τοῦτο
988 1933 1075 2018 μέρος
1097 1933 1156 1996 ἐστὶ

53 2047 199 2128 χρησμοῦ,
234 2043 265 2106 ὃν
292 2045 401 2107 ἀνεῖλεν
429 2045 536 2113 teet:
559 2043 666 2130 Melea}
694 2049 738 2128 τῷ
759 2043 904 2128 Πελαργῷ
927 2042 992 2126 περὶ
1012 2042 1156 2125 οἰκήσεως

55 2151 268 2236 μαντευομένῳ.
326 2153 445 2220 Nostro
479 2156 649 2238 proverbio
686 2154 798 2218 similis
831 2159 881 2217 cst
915 2153 1037 2217 locutio
1074 2170 1156 2235 quae

57 2263 195 2326 occurrit
215 2263 248 2325 in
269 2262 353 2328 Men.
377 2271 510 2328 sentent.
534 2272 667 2327 monost.
691 2285 741 2347 ap.
765 2263 869 2326 Boiss.
893 2262 1013 2325 Anccd.
1037 2257 1154 2343 1,129:

59 2375 98 2453 τῷ
118 2370 172 2454 γὰρ
196 2374 295 2439 καλῶς
316 2372 472 2453 πράσσοντι
492 2375 571 2433 πᾶσα
593 2377 629 2453 γῆ
653 2371 761 2454 πατρίς.
801 2367 1153 2452 Oio.'l'uso.q11.5,37:

62 2481 160 2561 patria
182 2486 243 2561 est,
277 2483 456 2564 ubicunque
485 2488 535 2545 est
565 2484 652 2546 benc.
708 2480 801 2545 Orid.
819 2480 897 2545 «last.
922 2478 1026 2561 1,493:
1054 2477 1155 2542 Omne

65 2588 156 2652 solum
177 2589 252 2654 forti
275 2591 381 2674 patria
400 2596 458 2654 est.

153 2698 225 2762 Hae
262 2705 334 2763 eunt
366 2700 556 2780 sententiae,
593 2720 675 2780 quae
709 2698 934 2783 Aristophanis
973 2696 1155 2762 comoedias

69 2802 175 2886 legenti
196 2807 271 2870 mihi
295 2816 512 2873 occurrerunt.

586 3099 624 3180 B.

71 3254 398 3394 Ile-prorerbiis
430 3287 623 3390 aliisque.
651 3287 953 3370 locutionibus
989 3308 1046 3369 ex
1071 3306 1157 3369 usu

311 3417 429 3498 vitae
458 3415 706 3498 ccnrrnunis
732 3413 900 3515 petitis.

72 3599 93 3665 Ι.
132 3609 172 3679 lle
194 3611 379 3696 proverbiis
410 3608 712 3694 locutionibusque,
739 3623 825 3692 uuae
852 3624 872 3674 a
900 3603 1156 3691 quadrupedum,

236 3720 355 3805 arium,
379 3718 564 3805 plantarum
589 3718 709 3786 natura
731 3716 864 3801 sumpta
885 3715 975 3783 eunt.

156 3899 246 3963 Nunc
269 3897 421 3962 accedam
443 3897 484 3960 ad
506 3895 686 3980 proverbia,
710 3915 792 3977 quac
807 3915 827 3958 a
841 3901 955 3959 natura
977 3891 1160 3957 animalium

75 4007 202 4079 profecta
224 4007 363 4091 quodam
383 4005 478 4070 modo
501 4006 708 4090 metaphorae
730 4002 952 4088 proverbiales
967 3999 1160 4086 appellanda

77 4121 141 4178 sunt.
176 4118 262 4180 Bene
285 4117 428 4201 explicat
448 4115 600 4179 Rohdow.
623 4114 644 4176 l.
662 4134 699 4193 c,
721 4113 817 4196 hujus
839 4112 966 4195 generis
990 4109 1161 4194 proverbia

77 4226 229 4309 praecipue
252 4225 293 4288 ad
316 4225 472 4289 orationis
500 4223 764 4308 perspicuitatem
791 4222 965 4304 pertinere;
999 4240 1071 4283 nam
1099 4218 1160 4282 etsi

76 4328 148 4396 aliud
167 4335 303 4415 dicatur,
336 4332 424 4396 aliud
450 4331 690 4413 intelligendum
718 4330 774 4410 sit,
808 4337 911 4394 tamen
940 4328 1092 4392 facillime
1120 4328 1160 4391 ab

77 4442 202 4509 omuibus
223 4443 367 4528 perspici
389 4441 575 4525 proverbia,
598 4459 669 4504 cum
690 4438 724 4503 iu
748 4445 818 4503 tcta
839 4458 875 4502 re
897 4435 1071 4501 similitudo
1095 4454 1162 4500 vcr-

960 4553 976 4605 2
