2782 5032
578 532 777 542 ——-=

149 643 208 724 πρδς
226 642 289 712 τοῦς
310 643 356 708 ἐπὶ
377 647 485 728 μικροῖς
506 644 585 712 δίκας
607 644 781 729 ὑπέχοντας·
809 646 825 708 ύ
846 642 902 728 γὰρ
923 642 1058 712 Σίλωνος
1071 643 1157 728 νύμος
1179 643 1226 708 καὶ

151 748 206 820 τοῦς
223 751 332 838 βύλιτον
354 751 550 837 ὑφελομένους
571 755 695 827 κολάζει.
740 754 781 820 cf.
803 758 887 839 App.
909 754 935 836 I,
956 752 1007 817 56.

176 880 181 895 ’
234 861 350 940 Quodsi
370 861 411 926 ad
431 863 509 946 plut
535 862 586 929 17:
609 861 832 948 ἀποκρινόμενος
855 862 888 926 τδ
910 863 1043 946 παράπαν
1066 860 1136 924 οὐδὲ
1158 863 1225 944 γρῦ

153 970 321 1037 scholiastes
349 972 441 1037 vocis
467 976 520 1056 γρῦ
545 982 610 1038 tres
632 972 911 1058 interpretationes
933 973 1080 1054 praebet:
1112 968 1171 1034 ἔστι
1192 969 1226 1033 δὲ

153 1074 239 1164 ὄνυχος
266 1079 365 1164 ῥύπος·
403 1080 474 1149 τινὲς
496 1082 530 1144 δὲ
552 1080 630 1164 παρὰ
653 1081 700 1143 τδν
722 1079 878 1164 γρυλισμδν
905 1079 1034 1142 τουτέστι
1054 1081 1105 1163 τὴν
1126 1079 1225 1164 φωνην

152 1191 197 1248 τῦν
215 1188 329 1273 χοίρων,
362 1186 481 1272 teitu<
502 1193 603 1274 μικροῦ
629 1189 817 1273 νομίσματος·
853 1192 905 1272 γρῦ
927 1187 982 1272 γὰρ
1004 1191 1037 1250 τδ
1060 1188 1158 1272 μικρὸν
1179 1188 1226 1252 καὶ
1291 1260 1294 1264 ,

152 1294 319 1381 βραχύτατον,
341 1299 453 1363 harum
474 1299 772 1384 interpretationum
794 1299 934 1364 secunda
957 1298 1090 1363 maxime
1113 1300 1226 1382 proba·

151 1403 211 1468 bilis
230 1426 297 1472 esse
318 1408 457 1490 videtur,
492 1428 561 1473 cum
584 1411 684 1472 verba
705 1409 802 1493 γρύζω
824 1409 856 1472 in
877 1428 947 1492 equ.
970 1404 1041 1470 294.
1064 1408 1143 1493 plut.
1163 1407 1226 1471 454

152 1519 177 1576 et
193 1515 327 1596 γρολλίζω
349 1517 382 1580 in
404 1517 482 1600 plut.
505 1515 575 1581 307.
602 1517 683 1582 Ach.
709 1500 780 1599 746,
812 1537 893 1601 quae
927 1516 1011 1582 idem
1044 1517 1226 1600 significant

151 1627 230 1704 atque
249 1626 373 1706 mutire,
410 1626 552 1708 ejusdem
575 1626 686 1712 stirpis
709 1646 780 1692 esse
812 1626 988 1691 videantur.
1041 1627 1135 1712 Apud
1168 1647 1226 1691 nos

151 1727 235 1796 simile
254 1740 301 1798 est
321 1734 510 1815 „mucksen“
531 1743 564 1800 et
585 1737 693 1818 „nicht
714 1737 805 1802 einen
828 1735 941 1800 Mucks
961 1736 1090 1816 sagen‘·

234 1841 334 1906 Iltiam
357 1843 472 1907 animal
495 1845 580 1925 quod
602 1852 651 1909 est
672 1843 800 1930 οέρφος
823 1846 854 1909 in
876 1845 971 1909 simili
992 1862 1050 1906 usu
1074 1850 1151 1926 arat,
1173 1864 1224 1909 ve·

149 1942 187 2008 lu
204 1948 233 2012 in
252 1971 338 2037 vesp.
361 1950 436 2014 353:
470 1953 564 2015 ποίντα
596 1952 758 2038 πέφρακται
790 1953 861 2017 κοῦκ
893 1951 968 2016 ἔστιν
1001 1954 1074 2037 ὀπῆς
1106 1954 1167 2017 οὐδ’
1201 1953 1226 2016 εί

150 2051 233 2140 σέρφῳ
257 2059 392 2141 διαδῦναι,
408 2061 463 2125 ubi
478 2062 581 2126 schol:
605 2059 665 2125 ἔστι
676 2063 709 2125 δὲ
722 2059 849 2145 δηρίδιύν
867 2087 892 2124 τι
908 2062 1006 2146 μικρὸν
1019 2064 1077 2146 (sc.
1090 2061 1226 2146 σέρφος)·

150 2155 247 2249 Κράτης
267 2169 299 2231 δὲ
319 2170 455 2254 μύρμηκα
471 2170 541 2254 φησὶ
563 2170 612 2233 τδν
633 2170 757 2255 σέρφον·
780 2171 806 2233 οἱ
828 2171 861 2234 δὲ
883 2172 1008 2256 ζωύφιον
1029 2173 1226 2245 κιονιυπιῦδες,

151 2267 190 2354 ἆρ’
211 2273 422 2362 οῦήπαροιμία
444 2276 586 2361 „insutu
607 2278 669 2342 κάν
692 2280 848 2364 μῦρμηκι
869 2279 932 2342 κάν
955 2279 1077 2365 σέρφῳ
1098 2279 1225 2364 χολή.“

150 2378 224 2447 Alius
256 2389 443 2453 scholiastes
479 2389 560 2452 hanc
596 2390 758 2473 proverbii
795 2388 927 2453 sormam
963 2390 1100 2454 notavit:
1138 2388 1224 2452 οὐδὲ

151 2485 289 2578 μύρμηκι
311 2494 393 2564 ὁδός
415 2496 519 2563 ἐστιν.
565 2496 759 2583 Quocunque
782 2499 874 2563 modo
901 2518 953 2564 res
976 2519 1011 2563 se
1031 2499 1135 2578 habet
1155 2499 1225 2564 sive

151 2597 260 2687 animal,
291 2607 376 2691 quod
410 2606 516 2691 οέρφος
548 2608 736 2689 vocabatur,
770 2607 881 2691 μύρμηξ
904 2607 975 2688 fuit,
1008 2608 1077 2672 sive
1098 2609 1224 2690 species

150 2699 338 2798 formicarum,
361 2723 396 2780 ut
419 2715 533 2782 Suidas
556 2716 667 2781 refert:
699 2715 822 2800 σέρφοςε
856 2719 930 2798 ζῷον
953 2716 1158 2799 μυρμηκῶδες,
1190 2717 1225 2781 id

151 2824 220 2882 terte
241 2832 373 2905 constat,
396 2825 588 2890 locutionem
609 2824 679 2887 οῦδὲ
701 2825 826 2908 μῦρμηκι
847 2825 897 2889 vel
920 2823 1021 2908 σέρφῳ
1053 2823 1124 2892 ὁδός
1150 2825 1224 2888 ἐστιν

149 2937 197 2986 nou
217 2932 312 2998 minus
334 2934 497 3019 proverbii
518 2935 622 2999 locum
650 2933 825 2999 obtinuisse
854 2953 946 3015 quam
969 2929 1061 2996 ἔνεστι
1082 2931 1135 2996 κάν
1158 2933 1224 3017 μύρ-

150 3049 204 3112 llis
222 3039 270 3102 κοὶν
291 3041 391 3127 σέρφῳ
413 3042 502 3128 χολή.
545 3043 594 3108 De
614 3043 671 3108 illo
693 3043 864 3128 prouerbio
885 3040 925 3105 cl.
950 3041 988 3106 G.
1005 3041 1040 3106 Ο.
1055 3043 1097 3105 Μ.
1120 3043 1178 3125 ΠΙ,
1193 3040 1223 3107 8.

149 3133 251 3213 Zenob.
272 3152 328 3232 ΙΙΙ,
351 3151 400 3216 70.
445 3150 528 3229 Quid
549 3152 610 3216 hoc
633 3150 800 3235 significet,
834 3153 914 3214 bene
937 3150 1086 3215 Erasmus
1109 3173 1139 3234 p.
1162 3149 1223 3214 391

147 3261 276 3331 exposuit
297 3263 466 3341 „admonet
487 3261 644 3344 adagium,
666 3281 728 3325 non
752 3279 824 3326 esse
842 3259 1102 3324 contemnendum
1122 3281 1226 3343 quem·

147 3354 225 3445 liam,
246 3390 303 3442 nec
327 3372 422 3435 ullum
445 3379 563 3436 temere
577 3368 796 3434 lacessendum
803 3392 811 3452 ;
835 3367 1087 3453 quandoquidem
1106 3370 1225 3434 nullum

145 3465 245 3539 annal
267 3492 329 3543 lam
352 3481 503 3543 minutum
525 3488 580 3544 aut
602 3478 806 3561 imbecillum,
839 3478 924 3561 quod
951 3479 1065 3541 iratum
1090 3498 1152 3542 non
1175 3498 1226 3542 ex·

144 3580 301 3653 candescat
322 3590 399 3654 iru.“

230 3696 384 3762 Addenda
400 3705 448 3762 est
463 3698 583 3762 locutio
605 3697 661 3760 διὰ
685 3697 874 3761 δακτυλίου
897 3694 1011 3758 ἕλκειν
1033 3697 1119 3776 τινά,
1143 3716 1226 3780 quae

144 3785 177 3854 de
196 3797 369 3871 hominibus
396 3807 543 3871 tenuibus
576 3806 756 3889 dicebatur;
793 3807 893 3871 veluti
925 3827 1003 3870 anus
1035 3806 1158 3870 lasciva
1193 3806 1226 3869 in

142 3897 210 3976 plut,
233 3914 321 3990 1136,
345 3937 427 3999 quae
459 3915 619 3980 desiderio
652 3917 801 3982 amatoris
834 3914 949 3999 perfidi
982 3923 1161 3979 maceratur
1194 3921 1227 3979 et

142 4023 299 4101 propterea
314 4027 416 4090 macie
433 4026 501 4108 jam
517 4031 647 4089 tenuata
662 4035 718 4106 est,
742 4024 834 4090 dicit:
858 4022 905 4086 διὰ
925 4021 1078 4085 δακτυλίου
1102 4023 1153 4106 μὲν
1175 4019 1225 4085 οὖν

141 4110 187 4196 lpl
206 4132 230 4210 γ’
251 4131 285 4194 ἂν
308 4135 476 4201 διελκύσαις.
522 4133 720 4200 Scholiastae
743 4134 824 4198 hauc
858 4133 1051 4196 locutionem
1083 4132 1226 4214 neglexc·

139 4239 216 4319 r¹¹¹1t5
248 4243 406 4308 Zenobius
437 4249 542 4307 autem
576 4243 720 4326 disputat
752 4242 793 4306 de
814 4262 853 4307 ea
875 4242 906 4304 in
930 4241 987 4322 Ill,
1023 4239 1060 4302 18
1083 4240 1143 4305 sic:
1178 4239 1225 4302 διὰ

141 4331 283 4414 δ(τιττυλίου
306 4354 350 4414 δεῖ
371 4375 405 4414 σε
427 4350 615 4435 ἑλκυσδῇναιτ
640 4349 686 4412 ἐπὶ
707 4354 764 4412 τῶν
787 4349 834 4413 διὰ
856 4348 938 4412 νόσον
959 4347 979 4431 ἢ
1002 4349 1094 4432 λύπην
1111 4352 1225 4412 λεπτῶν

142 4450 181 4512 καὶ
201 4456 302 4545 ίσρνῶν
325 4459 496 4542 γενομένων.
543 4460 667 4527 Similia
688 4460 779 4542 legas
801 4481 851 4542 ap.
874 4459 966 4541 Dicg.
991 4457 1074 4539 ll,8.
1096 4457 1153 4538 lV,
1175 4455 1225 4520 30.

229 4569 373 4655 Denique
395 4570 435 4633 de
456 4569 620 4636 locutione
643 4569 768 4653 vulgari
791 4569 958 4646 disseram,
992 4585 1073 4648 quae
1104 4567 1137 4631 in
1169 4587 1225 4633 eos
