<?xml version="1.0" encoding="UTF-8"?>
<!DOCTYPE html PUBLIC "-//W3C//DTD XHTML 1.0 Transitional//EN"
    "http://www.w3.org/TR/xhtml1/DTD/xhtml1-transitional.dtd">
<html xmlns="http://www.w3.org/1999/xhtml" xml:lang="en" lang="en">
 <head>
  <title>
</title>
<meta http-equiv="Content-Type" content="text/html;charset=utf-8" />
  <meta name='ocr-system' content='tesseract 3.04.00' />
  <meta name='ocr-capabilities' content='ocr_page ocr_carea ocr_par ocr_line ocrx_word'/>
</head>
<body>
  <div class='ocr_page' id='page_1' title='image "./deproverbiisali00baucgoog_0096.png"; bbox 0 0 2782 5032; ppageno 0'>
   <div class='ocr_carea' id='block_1_1' title="bbox 105 643 1279 4658">
    <p class='ocr_par' dir='ltr' id='par_1_1' title="bbox 140 643 1250 1165">
     <span class='ocr_line' id='line_1_1' title="bbox 251 643 1249 734; baseline 0.005 -25"><span class='ocrx_word' id='word_1_1' title='bbox 251 645 375 730; x_wconf 81' lang='grc' dir='ltr'>τρίχας</span> <span class='ocrx_word' id='word_1_2' title='bbox 400 643 458 708; x_wconf 78' lang='grc' dir='ltr'>καὶ</span> <span class='ocrx_word' id='word_1_3' title='bbox 483 643 631 729; x_wconf 80' lang='grc' dir='ltr'>κέρατα,</span> <span class='ocrx_word' id='word_1_4' title='bbox 656 668 748 730; x_wconf 91' lang='lat' dir='ltr'>quam</span> <span class='ocrx_word' id='word_1_5' title='bbox 771 648 935 713; x_wconf 87' lang='lat' dir='ltr'>formulam</span> <span class='ocrx_word' id='word_1_6' title='bbox 957 650 1190 734; x_wconf 82' lang='lat' dir='ltr'><strong>Aristophanes</strong></span> <span class='ocrx_word' id='word_1_7' title='bbox 1216 649 1249 714; x_wconf 91' lang='lat' dir='ltr'>in</span> 
     </span>
     <span class='ocr_line' id='line_1_2' title="bbox 140 751 1250 842; baseline 0.007 -28"><span class='ocrx_word' id='word_1_8' title='bbox 140 772 199 817; x_wconf 84' lang='lat' dir='ltr'>av.</span> <span class='ocrx_word' id='word_1_9' title='bbox 220 751 355 818; x_wconf 80' lang='lat'>901-2:</span> <span class='ocrx_word' id='word_1_10' title='bbox 381 753 417 816; x_wconf 78' lang='grc' dir='ltr'>τὰ</span> <span class='ocrx_word' id='word_1_11' title='bbox 438 754 493 838; x_wconf 73' lang='grc' dir='ltr'>γὰρ</span> <span class='ocrx_word' id='word_1_12' title='bbox 516 753 645 839; x_wconf 81' lang='grc' dir='ltr'><strong>παρόντα</strong></span> <span class='ocrx_word' id='word_1_13' title='bbox 669 756 773 840; x_wconf 81' lang='grc' dir='ltr'>θύματ’</span> <span class='ocrx_word' id='word_1_14' title='bbox 795 757 879 820; x_wconf 76' lang='grc' dir='ltr'>οὐδὲν</span> <span class='ocrx_word' id='word_1_15' title='bbox 902 756 977 821; x_wconf 86' lang='grc' dir='ltr'>ἄλλο</span> <span class='ocrx_word' id='word_1_16' title='bbox 1000 761 1075 842; x_wconf 78' lang='grc' dir='ltr'><strong>πλὴν</strong></span> <span class='ocrx_word' id='word_1_17' title='bbox 1097 757 1204 839; x_wconf 81' lang='grc' dir='ltr'>γένειον</span> <span class='ocrx_word' id='word_1_18' title='bbox 1226 760 1250 822; x_wconf 83' lang='grc' dir='ltr'>τ’</span> 
     </span>
     <span class='ocr_line' id='line_1_3' title="bbox 141 859 1249 947; baseline 0.01 -25"><span class='ocrx_word' id='word_1_19' title='bbox 141 859 213 924; x_wconf 69' lang='grc' dir='ltr'>ἐστι</span> <span class='ocrx_word' id='word_1_20' title='bbox 232 862 277 925; x_wconf 74' lang='grc' dir='ltr'>καὶ</span> <span class='ocrx_word' id='word_1_21' title='bbox 298 863 417 947; x_wconf 79' lang='grc' dir='ltr'><strong>κέρατα,</strong></span> <span class='ocrx_word' id='word_1_22' title='bbox 452 865 575 947; x_wconf 89' lang='lat' dir='ltr'>attigit,</span> <span class='ocrx_word' id='word_1_23' title='bbox 602 874 638 930; x_wconf 90' lang='lat' dir='ltr'>ut</span> <span class='ocrx_word' id='word_1_24' title='bbox 660 866 848 932; x_wconf 80' lang='lat' dir='ltr'>scholiastes</span> <span class='ocrx_word' id='word_1_25' title='bbox 871 867 973 932; x_wconf 85' lang='lat' dir='ltr'>docet</span> <span class='ocrx_word' id='word_1_26' title='bbox 1018 867 1171 934; x_wconf 84' lang='lat' dir='ltr'>Similiter</span> <span class='ocrx_word' id='word_1_27' title='bbox 1191 888 1249 933; x_wconf 91' lang='lat' dir='ltr'>nos</span> 
     </span>
     <span class='ocr_line' id='line_1_4' title="bbox 143 968 1250 1058; baseline 0.01 -26"><span class='ocrx_word' id='word_1_28' title='bbox 143 968 285 1036; x_wconf 87' lang='lat' dir='ltr'>dicimus</span> <span class='ocrx_word' id='word_1_29' title='bbox 309 972 415 1053; x_wconf 82' lang='lat' dir='ltr'>„Haut</span> <span class='ocrx_word' id='word_1_30' title='bbox 435 973 499 1037; x_wconf 93' lang='lat' dir='ltr'>und</span> <span class='ocrx_word' id='word_1_31' title='bbox 520 974 708 1040; x_wconf 87' lang='lat' dir='ltr'>Knochen“.</span> <span class='ocrx_word' id='word_1_32' title='bbox 752 974 791 1039; x_wconf 89' lang='lat' dir='ltr'>cf.</span> <span class='ocrx_word' id='word_1_33' title='bbox 815 976 916 1041; x_wconf 89' lang='lat' dir='ltr'>Pluut.</span> <span class='ocrx_word' id='word_1_34' title='bbox 941 977 1003 1051; x_wconf 85' lang='lat' dir='ltr'>aul.</span> <span class='ocrx_word' id='word_1_35' title='bbox 1025 974 1139 1058; x_wconf 65' lang='lat' dir='ltr'>aar&amp;</span> <span class='ocrx_word' id='word_1_36' title='bbox 1176 997 1250 1042; x_wconf 89' lang='lat' dir='ltr'>ossa</span> 
     </span>
     <span class='ocr_line' id='line_1_5' title="bbox 149 1081 553 1165; baseline 0.015 -24"><span class='ocrx_word' id='word_1_37' title='bbox 149 1084 252 1164; x_wconf 86' lang='lat' dir='ltr'>atque</span> <span class='ocrx_word' id='word_1_38' title='bbox 272 1081 366 1165; x_wconf 89' lang='lat' dir='ltr'>pellis</span> <span class='ocrx_word' id='word_1_39' title='bbox 388 1087 475 1147; x_wconf 88' lang='lat' dir='ltr'>totus</span> <span class='ocrx_word' id='word_1_40' title='bbox 496 1090 553 1148; x_wconf 90' lang='lat' dir='ltr'>est.</span> 
     </span>
    </p>

    <p class='ocr_par' dir='ltr' id='par_1_2' title="bbox 151 1188 1249 1473">
     <span class='ocr_line' id='line_1_6' title="bbox 182 1188 1249 1277; baseline 0.004 -24"><span class='ocrx_word' id='word_1_41' title='bbox 182 1189 185 1193; x_wconf 69' lang='grc'><strong><em>’</em></strong></span> <span class='ocrx_word' id='word_1_42' title='bbox 249 1188 338 1254; x_wconf 88' lang='lat' dir='ltr'>Haec</span> <span class='ocrx_word' id='word_1_43' title='bbox 369 1191 479 1272; x_wconf 87' lang='lat' dir='ltr'>habui,</span> <span class='ocrx_word' id='word_1_44' title='bbox 513 1212 593 1274; x_wconf 87' lang='lat' dir='ltr'>quae</span> <span class='ocrx_word' id='word_1_45' title='bbox 624 1191 663 1256; x_wconf 92' lang='lat' dir='ltr'>de</span> <span class='ocrx_word' id='word_1_46' title='bbox 696 1192 878 1275; x_wconf 85' lang='lat' dir='ltr'>proverbiis</span> <span class='ocrx_word' id='word_1_47' title='bbox 903 1193 1181 1277; x_wconf 82' lang='lat' dir='ltr'>locutionibusque</span> <span class='ocrx_word' id='word_1_48' title='bbox 1210 1214 1249 1259; x_wconf 86' lang='lat' dir='ltr'>ex</span> 
     </span>
     <span class='ocr_line' id='line_1_7' title="bbox 151 1299 1248 1386; baseline 0.008 -27"><span class='ocrx_word' id='word_1_49' title='bbox 151 1315 216 1360; x_wconf 89' lang='lat' dir='ltr'>usu</span> <span class='ocrx_word' id='word_1_50' title='bbox 251 1299 335 1364; x_wconf 87' lang='lat' dir='ltr'>vitae</span> <span class='ocrx_word' id='word_1_51' title='bbox 369 1301 542 1365; x_wconf 88' lang='lat' dir='ltr'>communis</span> <span class='ocrx_word' id='word_1_52' title='bbox 567 1301 684 1385; x_wconf 66' lang='lat' dir='ltr'>⁴petitis</span> <span class='ocrx_word' id='word_1_53' title='bbox 717 1300 801 1386; x_wconf 87' lang='lat' dir='ltr'>apud</span> <span class='ocrx_word' id='word_1_54' title='bbox 823 1302 1069 1386; x_wconf 81' lang='lat' dir='ltr'>Aristophanem</span> <span class='ocrx_word' id='word_1_55' title='bbox 1096 1304 1248 1368; x_wconf 89' lang='lat' dir='ltr'>comicum</span> 
     </span>
     <span class='ocr_line' id='line_1_8' title="bbox 156 1403 348 1473; baseline 0.031 -7"><span class='ocrx_word' id='word_1_56' title='bbox 156 1403 348 1473; x_wconf 81' lang='lat' dir='ltr'>dissererem.</span> 
     </span>
    </p>

    <p class='ocr_par' dir='ltr' id='par_1_3' title="bbox 160 1516 1248 1932">
     <span class='ocr_line' id='line_1_9' title="bbox 252 1516 1247 1603; baseline 0.005 -23"><span class='ocrx_word' id='word_1_57' title='bbox 252 1516 414 1582; x_wconf 91' lang='lat' dir='ltr'>Postremo</span> <span class='ocrx_word' id='word_1_58' title='bbox 437 1518 610 1603; x_wconf 82' lang='lat' dir='ltr'>perpaucis</span> <span class='ocrx_word' id='word_1_59' title='bbox 634 1517 649 1581; x_wconf 88' lang='lat' dir='ltr'>s</span> <span class='ocrx_word' id='word_1_60' title='bbox 654 1537 796 1582; x_wconf 85' lang='lat' dir='ltr'>ormam</span> <span class='ocrx_word' id='word_1_61' title='bbox 818 1518 1059 1602; x_wconf 88' lang='lat' dir='ltr'>proverbiorum</span> <span class='ocrx_word' id='word_1_62' title='bbox 1082 1519 1247 1602; x_wconf 87' lang='lat' dir='ltr'>attingam.</span> 
     </span>
     <span class='ocr_line' id='line_1_10' title="bbox 160 1619 1247 1712; baseline 0.007 -28"><span class='ocrx_word' id='word_1_63' title='bbox 160 1619 255 1688; x_wconf 82' lang='lat' dir='ltr'>Nemo</span> <span class='ocrx_word' id='word_1_64' title='bbox 274 1625 349 1706; x_wconf 87' lang='lat' dir='ltr'>erit,</span> <span class='ocrx_word' id='word_1_65' title='bbox 377 1625 430 1710; x_wconf 93' lang='lat' dir='ltr'>qui</span> <span class='ocrx_word' id='word_1_66' title='bbox 452 1647 515 1691; x_wconf 93' lang='lat' dir='ltr'>nou</span> <span class='ocrx_word' id='word_1_67' title='bbox 536 1627 668 1708; x_wconf 89' lang='lat' dir='ltr'>viderit,</span> <span class='ocrx_word' id='word_1_68' title='bbox 701 1627 858 1712; x_wconf 90' lang='lat' dir='ltr'>permulta</span> <span class='ocrx_word' id='word_1_69' title='bbox 879 1628 1052 1712; x_wconf 88' lang='lat' dir='ltr'>proverbia</span> <span class='ocrx_word' id='word_1_70' title='bbox 1073 1628 1106 1691; x_wconf 92' lang='lat' dir='ltr'>in</span> <span class='ocrx_word' id='word_1_71' title='bbox 1129 1636 1247 1693; x_wconf 87' lang='lat' dir='ltr'>certam</span> 
     </span>
     <span class='ocr_line' id='line_1_11' title="bbox 165 1733 1248 1820; baseline 0.007 -26"><span class='ocrx_word' id='word_1_72' title='bbox 165 1747 229 1796; x_wconf 87' lang='lat' dir='ltr'>esse</span> <span class='ocrx_word' id='word_1_73' title='bbox 246 1733 370 1799; x_wconf 82' lang='lat' dir='ltr'>redacta</span> <span class='ocrx_word' id='word_1_74' title='bbox 391 1733 533 1798; x_wconf 88' lang='lat' dir='ltr'>formam.</span> <span class='ocrx_word' id='word_1_75' title='bbox 583 1735 793 1812; x_wconf 85' lang='lat' dir='ltr'>Quadecausa</span> <span class='ocrx_word' id='word_1_76' title='bbox 825 1734 1037 1818; x_wconf 87' lang='lat' dir='ltr'>quaerendum</span> <span class='ocrx_word' id='word_1_77' title='bbox 1070 1742 1133 1816; x_wconf 91' lang='lat' dir='ltr'>cst,</span> <span class='ocrx_word' id='word_1_78' title='bbox 1167 1757 1248 1820; x_wconf 88' lang='lat' dir='ltr'>quae</span> 
     </span>
     <span class='ocr_line' id='line_1_12' title="bbox 168 1843 1248 1932; baseline 0.009 -31"><span class='ocrx_word' id='word_1_79' title='bbox 168 1843 322 1920; x_wconf 91' lang='lat' dir='ltr'>proverbia</span> <span class='ocrx_word' id='word_1_80' title='bbox 342 1844 531 1926; x_wconf 83' lang='lat' dir='ltr'>rythmicum</span> <span class='ocrx_word' id='word_1_81' title='bbox 547 1851 664 1910; x_wconf 91' lang='lat' dir='ltr'>motum</span> <span class='ocrx_word' id='word_1_82' title='bbox 680 1845 828 1925; x_wconf 86' lang='lat' dir='ltr'>referant,</span> <span class='ocrx_word' id='word_1_83' title='bbox 853 1865 934 1927; x_wconf 89' lang='lat' dir='ltr'>quae</span> <span class='ocrx_word' id='word_1_84' title='bbox 949 1864 1021 1909; x_wconf 85' lang='lat' dir='ltr'>non.</span> <span class='ocrx_word' id='word_1_85' title='bbox 1059 1848 1164 1928; x_wconf 87' lang='lat' dir='ltr'>Atque</span> <span class='ocrx_word' id='word_1_86' title='bbox 1179 1867 1248 1932; x_wconf 90' lang='lat' dir='ltr'>per-</span> 
     </span>
    </p>

    <p class='ocr_par' dir='ltr' id='par_1_4' title="bbox 105 1948 1279 4658">
     <span class='ocr_line' id='line_1_13' title="bbox 105 1948 1247 2039; baseline 0.01 -30"><span class='ocrx_word' id='word_1_87' title='bbox 105 1988 109 2023; x_wconf 72' lang='lat'>,</span> <span class='ocrx_word' id='word_1_88' title='bbox 170 1948 252 2014; x_wconf 87' lang='lat' dir='ltr'>multa</span> <span class='ocrx_word' id='word_1_89' title='bbox 271 1952 350 2035; x_wconf 90' lang='lat' dir='ltr'>apud</span> <span class='ocrx_word' id='word_1_90' title='bbox 372 1952 515 2018; x_wconf 85' lang='lat' dir='ltr'>Graecos</span> <span class='ocrx_word' id='word_1_91' title='bbox 538 1954 711 2039; x_wconf 86' lang='lat' dir='ltr'>proverbia</span> <span class='ocrx_word' id='word_1_92' title='bbox 733 1953 845 2035; x_wconf 83' lang='lat' dir='ltr'>fuisse,</span> <span class='ocrx_word' id='word_1_93' title='bbox 881 1974 961 2037; x_wconf 89' lang='lat' dir='ltr'>quae</span> <span class='ocrx_word' id='word_1_94' title='bbox 994 1953 1098 2018; x_wconf 88' lang='lat' dir='ltr'>soluta</span> <span class='ocrx_word' id='word_1_95' title='bbox 1133 1962 1247 2038; x_wconf 85' lang='lat' dir='ltr'>esseut,</span> 
     </span>
     <span class='ocr_line' id='line_1_14' title="bbox 171 2052 1247 2148; baseline 0.01 -28"><span class='ocrx_word' id='word_1_96' title='bbox 171 2052 226 2136; x_wconf 86' lang='lat' dir='ltr'>jam</span> <span class='ocrx_word' id='word_1_97' title='bbox 244 2079 278 2124; x_wconf 91' lang='lat' dir='ltr'>eo</span> <span class='ocrx_word' id='word_1_98' title='bbox 292 2060 447 2144; x_wconf 89' lang='lat' dir='ltr'>docemur,</span> <span class='ocrx_word' id='word_1_99' title='bbox 471 2064 555 2146; x_wconf 93' lang='lat' dir='ltr'>quod</span> <span class='ocrx_word' id='word_1_100' title='bbox 578 2063 748 2128; x_wconf 85' lang='lat' dir='ltr'>memoriae</span> <span class='ocrx_word' id='word_1_101' title='bbox 762 2062 911 2127; x_wconf 90' lang='lat' dir='ltr'>traditum</span> <span class='ocrx_word' id='word_1_102' title='bbox 929 2069 986 2144; x_wconf 91' lang='lat' dir='ltr'>est,</span> <span class='ocrx_word' id='word_1_103' title='bbox 1002 2065 1247 2148; x_wconf 85' lang='lat' dir='ltr'>Aristophanem</span> 
     </span>
     <span class='ocr_line' id='line_1_15' title="bbox 174 2161 1248 2258; baseline 0.005 -26"><span class='ocrx_word' id='word_1_104' title='bbox 174 2161 244 2246; x_wconf 66' lang='lat' dir='ltr'>Byr,</span> <span class='ocrx_word' id='word_1_105' title='bbox 262 2177 293 2234; x_wconf 92' lang='lat' dir='ltr'>ut</span> <span class='ocrx_word' id='word_1_106' title='bbox 307 2171 374 2254; x_wconf 85' lang='lat' dir='ltr'>jam</span> <span class='ocrx_word' id='word_1_107' title='bbox 396 2192 493 2257; x_wconf 88' lang='lat' dir='ltr'>supra</span> <span class='ocrx_word' id='word_1_108' title='bbox 514 2173 774 2252; x_wconf 88' lang='lat' dir='ltr'>commemoravi,</span> <span class='ocrx_word' id='word_1_109' title='bbox 798 2171 876 2236; x_wconf 89' lang='lat' dir='ltr'>duos</span> <span class='ocrx_word' id='word_1_110' title='bbox 896 2172 996 2236; x_wconf 89' lang='lat' dir='ltr'>libros</span> <span class='ocrx_word' id='word_1_111' title='bbox 1017 2178 1075 2235; x_wconf 86' lang='grc' dir='ltr'>τῶν</span> <span class='ocrx_word' id='word_1_112' title='bbox 1097 2172 1248 2258; x_wconf 81' lang='grc' dir='ltr'>ἐμμέτρων</span> 
     </span>
     <span class='ocr_line' id='line_1_16' title="bbox 175 2277 1248 2366; baseline 0.013 -32"><span class='ocrx_word' id='word_1_113' title='bbox 175 2277 350 2356; x_wconf 86' lang='lat' dir='ltr'>etquattuor</span> <span class='ocrx_word' id='word_1_114' title='bbox 371 2284 429 2342; x_wconf 84' lang='grc' dir='ltr'>τῶν</span> <span class='ocrx_word' id='word_1_115' title='bbox 452 2280 585 2364; x_wconf 79' lang='grc' dir='ltr'>ἀμέτρων</span> <span class='ocrx_word' id='word_1_116' title='bbox 608 2282 788 2365; x_wconf 89' lang='lat' dir='ltr'>scripsisse.</span> <span class='ocrx_word' id='word_1_117' title='bbox 827 2280 947 2358; x_wconf 83' lang='lat' dir='ltr'>Quodsi</span> <span class='ocrx_word' id='word_1_118' title='bbox 969 2282 1136 2366; x_wconf 88' lang='lat' dir='ltr'>Bergkins,</span> <span class='ocrx_word' id='word_1_119' title='bbox 1160 2284 1248 2365; x_wconf 78' lang='lat' dir='ltr'>(hit.-</span> 
     </span>
     <span class='ocr_line' id='line_1_17' title="bbox 176 2377 1248 2476; baseline 0.013 -34"><span class='ocrx_word' id='word_1_120' title='bbox 176 2377 269 2448; x_wconf 87' lang='lat' dir='ltr'>(lesch.</span> <span class='ocrx_word' id='word_1_121' title='bbox 290 2410 318 2472; x_wconf 89' lang='lat' dir='ltr'>p.</span> <span class='ocrx_word' id='word_1_122' title='bbox 341 2387 416 2471; x_wconf 88' lang='grc'>366)</span> <span class='ocrx_word' id='word_1_123' title='bbox 450 2410 488 2454; x_wconf 87' lang='lat' dir='ltr'>ca</span> <span class='ocrx_word' id='word_1_124' title='bbox 516 2411 555 2456; x_wconf 84' lang='lat' dir='ltr'>ex</span> <span class='ocrx_word' id='word_1_125' title='bbox 583 2390 779 2474; x_wconf 87' lang='lat' dir='ltr'>recolligit,</span> <span class='ocrx_word' id='word_1_126' title='bbox 813 2412 974 2456; x_wconf 91' lang='lat' dir='ltr'>numerum</span> <span class='ocrx_word' id='word_1_127' title='bbox 1007 2393 1248 2476; x_wconf 89' lang='lat' dir='ltr'>proverbiorum</span> 
     </span>
     <span class='ocr_line' id='line_1_18' title="bbox 177 2488 1248 2584; baseline 0.018 -37"><span class='ocrx_word' id='word_1_128' title='bbox 177 2488 321 2561; x_wconf 85' lang='lat' dir='ltr'>soluturum</span> <span class='ocrx_word' id='word_1_129' title='bbox 343 2499 442 2564; x_wconf 93' lang='lat' dir='ltr'>multo</span> <span class='ocrx_word' id='word_1_130' title='bbox 465 2499 617 2582; x_wconf 90' lang='lat' dir='ltr'>majorem</span> <span class='ocrx_word' id='word_1_131' title='bbox 640 2498 738 2564; x_wconf 86' lang='lat' dir='ltr'>fuisse</span> <span class='ocrx_word' id='word_1_132' title='bbox 761 2522 853 2583; x_wconf 89' lang='lat' dir='ltr'>quam</span> <span class='ocrx_word' id='word_1_133' title='bbox 876 2522 998 2582; x_wconf 85' lang='lat' dir='ltr'>eorum,</span> <span class='ocrx_word' id='word_1_134' title='bbox 1032 2522 1113 2584; x_wconf 85' lang='lat' dir='ltr'>quae</span> <span class='ocrx_word' id='word_1_135' title='bbox 1139 2504 1248 2566; x_wconf 87' lang='lat' dir='ltr'>metris</span> 
     </span>
     <span class='ocr_line' id='line_1_19' title="bbox 178 2595 1247 2696; baseline 0.013 -34"><span class='ocrx_word' id='word_1_136' title='bbox 178 2595 305 2670; x_wconf 77' lang='lat' dir='ltr'>adstricta</span> <span class='ocrx_word' id='word_1_137' title='bbox 336 2615 456 2689; x_wconf 89' lang='lat' dir='ltr'>essent,</span> <span class='ocrx_word' id='word_1_138' title='bbox 490 2609 627 2672; x_wconf 91' lang='lat' dir='ltr'>nondum</span> <span class='ocrx_word' id='word_1_139' title='bbox 645 2608 785 2691; x_wconf 89' lang='lat' dir='ltr'>judicari</span> <span class='ocrx_word' id='word_1_140' title='bbox 810 2617 932 2696; x_wconf 88' lang='lat' dir='ltr'>potest,</span> <span class='ocrx_word' id='word_1_141' title='bbox 966 2617 1068 2674; x_wconf 90' lang='lat' dir='ltr'>utrum</span> <span class='ocrx_word' id='word_1_142' title='bbox 1089 2611 1247 2695; x_wconf 90' lang='lat' dir='ltr'>Bergkius</span> 
     </span>
     <span class='ocr_line' id='line_1_20' title="bbox 177 2715 1249 2802; baseline 0.008 -28"><span class='ocrx_word' id='word_1_143' title='bbox 177 2715 245 2774; x_wconf 75' lang='lat' dir='ltr'>recte</span> <span class='ocrx_word' id='word_1_144' title='bbox 265 2715 429 2800; x_wconf 85' lang='lat' dir='ltr'>collegerit</span> <span class='ocrx_word' id='word_1_145' title='bbox 449 2737 559 2782; x_wconf 90' lang='lat' dir='ltr'>necne.</span> <span class='ocrx_word' id='word_1_146' title='bbox 602 2717 672 2796; x_wconf 81' lang='lat' dir='ltr'>Qua</span> <span class='ocrx_word' id='word_1_147' title='bbox 693 2718 734 2783; x_wconf 90' lang='lat' dir='ltr'>de</span> <span class='ocrx_word' id='word_1_148' title='bbox 755 2740 790 2784; x_wconf 91' lang='lat' dir='ltr'>re</span> <span class='ocrx_word' id='word_1_149' title='bbox 812 2730 876 2785; x_wconf 90' lang='lat' dir='ltr'>tum</span> <span class='ocrx_word' id='word_1_150' title='bbox 899 2719 1034 2784; x_wconf 86' lang='lat' dir='ltr'>fortasse</span> <span class='ocrx_word' id='word_1_151' title='bbox 1060 2726 1148 2784; x_wconf 88' lang='lat' dir='ltr'>recte</span> <span class='ocrx_word' id='word_1_152' title='bbox 1166 2719 1249 2802; x_wconf 91' lang='lat' dir='ltr'>judi·</span> 
     </span>
     <span class='ocr_line' id='line_1_21' title="bbox 180 2814 1247 2912; baseline 0.004 -24"><span class='ocrx_word' id='word_1_153' title='bbox 180 2816 228 2880; x_wconf 64' lang='lat' dir='ltr'>llrl</span> <span class='ocrx_word' id='word_1_154' title='bbox 244 2827 370 2907; x_wconf 88' lang='lat' dir='ltr'>poterit,</span> <span class='ocrx_word' id='word_1_155' title='bbox 405 2846 476 2890; x_wconf 92' lang='lat' dir='ltr'>cum</span> <span class='ocrx_word' id='word_1_156' title='bbox 498 2826 537 2891; x_wconf 91' lang='lat' dir='ltr'>de</span> <span class='ocrx_word' id='word_1_157' title='bbox 560 2828 705 2891; x_wconf 91' lang='lat' dir='ltr'>omnibus</span> <span class='ocrx_word' id='word_1_158' title='bbox 734 2829 914 2911; x_wconf 90' lang='lat' dir='ltr'>proverbiis</span> <span class='ocrx_word' id='word_1_159' title='bbox 933 2814 1071 2893; x_wconf 42' lang='lat' dir='ltr'>‘Graecis</span> <span class='ocrx_word' id='word_1_160' title='bbox 1091 2828 1247 2912; x_wconf 91' lang='lat' dir='ltr'>disputari</span> 
     </span>
     <span class='ocr_line' id='line_1_22' title="bbox 177 2925 1279 3022; baseline 0.008 -30"><span class='ocrx_word' id='word_1_161' title='bbox 177 2930 278 3001; x_wconf 74' lang='lat' dir='ltr'>poterit.</span> <span class='ocrx_word' id='word_1_162' title='bbox 320 2934 505 3018; x_wconf 82' lang='lat' dir='ltr'>Quanquam</span> <span class='ocrx_word' id='word_1_163' title='bbox 533 2925 606 2999; x_wconf 92' lang='lat' dir='ltr'>mihi</span> <span class='ocrx_word' id='word_1_164' title='bbox 630 2935 757 3018; x_wconf 90' lang='lat' dir='ltr'>quidem</span> <span class='ocrx_word' id='word_1_165' title='bbox 779 2936 951 3001; x_wconf 86' lang='lat' dir='ltr'>verisimile</span> <span class='ocrx_word' id='word_1_166' title='bbox 979 2944 1041 3017; x_wconf 91' lang='lat' dir='ltr'>est,</span> <span class='ocrx_word' id='word_1_167' title='bbox 1074 2937 1247 3022; x_wconf 91' lang='lat' dir='ltr'>proverbia</span> <span class='ocrx_word' id='word_1_168' title='bbox 1277 3011 1279 3016; x_wconf 43' lang='grc'>,</span> 
     </span>
     <span class='ocr_line' id='line_1_23' title="bbox 176 3028 1247 3130; baseline 0.008 -28"><span class='ocrx_word' id='word_1_169' title='bbox 176 3028 302 3107; x_wconf 69' lang='lat' dir='ltr'>adaucta</span> <span class='ocrx_word' id='word_1_170' title='bbox 332 3047 442 3109; x_wconf 89' lang='lat' dir='ltr'>metris</span> <span class='ocrx_word' id='word_1_171' title='bbox 475 3044 597 3127; x_wconf 86' lang='lat' dir='ltr'>majore</span> <span class='ocrx_word' id='word_1_172' title='bbox 624 3043 657 3108; x_wconf 93' lang='lat' dir='ltr'>in</span> <span class='ocrx_word' id='word_1_173' title='bbox 686 3065 815 3110; x_wconf 91' lang='lat' dir='ltr'>numero</span> <span class='ocrx_word' id='word_1_174' title='bbox 838 3044 937 3110; x_wconf 88' lang='lat' dir='ltr'>fuisse</span> <span class='ocrx_word' id='word_1_175' title='bbox 960 3066 1053 3127; x_wconf 87' lang='lat' dir='ltr'>quam</span> <span class='ocrx_word' id='word_1_176' title='bbox 1075 3045 1247 3130; x_wconf 91' lang='lat' dir='ltr'>proverbia</span> 
     </span>
     <span class='ocr_line' id='line_1_24' title="bbox 178 3139 1247 3238; baseline 0.005 -24"><span class='ocrx_word' id='word_1_177' title='bbox 178 3139 271 3235; x_wconf 73' lang='lat' dir='ltr'>⁸01uta5</span> <span class='ocrx_word' id='word_1_178' title='bbox 292 3174 355 3236; x_wconf 86' lang='lat' dir='ltr'>qua</span> <span class='ocrx_word' id='word_1_179' title='bbox 376 3153 409 3217; x_wconf 89' lang='lat' dir='ltr'>iu</span> <span class='ocrx_word' id='word_1_180' title='bbox 430 3173 466 3218; x_wconf 90' lang='lat' dir='ltr'>re</span> <span class='ocrx_word' id='word_1_181' title='bbox 489 3154 726 3238; x_wconf 88' lang='lat' dir='ltr'>comprobanda</span> <span class='ocrx_word' id='word_1_182' title='bbox 748 3153 824 3217; x_wconf 94' lang='lat' dir='ltr'>mihi</span> <span class='ocrx_word' id='word_1_183' title='bbox 844 3153 1002 3235; x_wconf 88' lang='lat' dir='ltr'>videntur,</span> <span class='ocrx_word' id='word_1_184' title='bbox 1025 3175 1107 3237; x_wconf 84' lang='lat' dir='ltr'>quoe</span> <span class='ocrx_word' id='word_1_185' title='bbox 1129 3154 1247 3219; x_wconf 90' lang='lat' dir='ltr'>Meine-</span> 
     </span>
     <span class='ocr_line' id='line_1_25' title="bbox 173 3242 1246 3348; baseline 0.004 -26"><span class='ocrx_word' id='word_1_186' title='bbox 173 3242 228 3316; x_wconf 67' lang='lat' dir='ltr'>kius</span> <span class='ocrx_word' id='word_1_187' title='bbox 244 3258 274 3324; x_wconf 90' lang='lat' dir='ltr'>in</span> <span class='ocrx_word' id='word_1_188' title='bbox 294 3263 447 3347; x_wconf 92' lang='lat' dir='ltr'>epimetro</span> <span class='ocrx_word' id='word_1_189' title='bbox 470 3262 509 3328; x_wconf 88' lang='lat' dir='ltr'>de</span> <span class='ocrx_word' id='word_1_190' title='bbox 529 3263 710 3348; x_wconf 89' lang='lat' dir='ltr'>proverbiis</span> <span class='ocrx_word' id='word_1_191' title='bbox 740 3264 950 3346; x_wconf 86' lang='lat' dir='ltr'>paroemiacis</span> <span class='ocrx_word' id='word_1_192' title='bbox 979 3283 1029 3346; x_wconf 91' lang='lat' dir='ltr'>ap.</span> <span class='ocrx_word' id='word_1_193' title='bbox 1054 3262 1191 3328; x_wconf 89' lang='lat' dir='ltr'>Theocr.</span> <span class='ocrx_word' id='word_1_194' title='bbox 1215 3282 1246 3345; x_wconf 88' lang='lat' dir='ltr'>p.</span> 
     </span>
     <span class='ocr_line' id='line_1_26' title="bbox 172 3352 1247 3456; baseline 0.002 -24"><span class='ocrx_word' id='word_1_195' title='bbox 172 3352 291 3432; x_wconf 76' lang='grc'>454-69</span> <span class='ocrx_word' id='word_1_196' title='bbox 304 3372 399 3436; x_wconf 85' lang='lat' dir='ltr'>dixit:</span> <span class='ocrx_word' id='word_1_197' title='bbox 425 3372 588 3452; x_wconf 85' lang='lat' dir='ltr'>,nimirum</span> <span class='ocrx_word' id='word_1_198' title='bbox 604 3372 730 3453; x_wconf 86' lang='lat' dir='ltr'>Graeci,</span> <span class='ocrx_word' id='word_1_199' title='bbox 753 3391 832 3454; x_wconf 89' lang='lat' dir='ltr'>quos</span> <span class='ocrx_word' id='word_1_200' title='bbox 854 3373 925 3456; x_wconf 87' lang='lat' dir='ltr'>ipsa</span> <span class='ocrx_word' id='word_1_201' title='bbox 947 3378 1061 3435; x_wconf 90' lang='lat' dir='ltr'>natura</span> <span class='ocrx_word' id='word_1_202' title='bbox 1077 3370 1117 3433; x_wconf 87' lang='lat' dir='ltr'>ad</span> <span class='ocrx_word' id='word_1_203' title='bbox 1133 3371 1247 3454; x_wconf 88' lang='lat' dir='ltr'>poesin</span> 
     </span>
     <span class='ocr_line' id='line_1_27' title="bbox 173 3459 1246 3564; baseline 0.002 -23"><span class='ocrx_word' id='word_1_204' title='bbox 173 3459 347 3561; x_wconf 73' lang='lat' dir='ltr'>f⁰fmaverat</span> <span class='ocrx_word' id='word_1_205' title='bbox 371 3501 440 3545; x_wconf 91' lang='lat' dir='ltr'>enm</span> <span class='ocrx_word' id='word_1_206' title='bbox 463 3482 606 3546; x_wconf 90' lang='lat' dir='ltr'>omnibus</span> <span class='ocrx_word' id='word_1_207' title='bbox 629 3501 710 3564; x_wconf 90' lang='lat' dir='ltr'>quae</span> <span class='ocrx_word' id='word_1_208' title='bbox 730 3490 863 3563; x_wconf 82' lang='lat' dir='ltr'>agerent</span> <span class='ocrx_word' id='word_1_209' title='bbox 879 3480 1062 3545; x_wconf 90' lang='lat' dir='ltr'>dicerentve</span> <span class='ocrx_word' id='word_1_210' title='bbox 1083 3479 1246 3564; x_wconf 91' lang='lat' dir='ltr'>poeticum</span> 
     </span>
     <span class='ocr_line' id='line_1_28' title="bbox 172 3584 1247 3675; baseline -0.002 -21"><span class='ocrx_word' id='word_1_211' title='bbox 172 3584 300 3654; x_wconf 72' lang='lat' dir='ltr'>ruendam</span> <span class='ocrx_word' id='word_1_212' title='bbox 321 3589 461 3655; x_wconf 89' lang='lat' dir='ltr'>habitum</span> <span class='ocrx_word' id='word_1_213' title='bbox 489 3590 671 3671; x_wconf 89' lang='lat' dir='ltr'>induerunt,</span> <span class='ocrx_word' id='word_1_214' title='bbox 705 3591 800 3655; x_wconf 90' lang='lat' dir='ltr'>etiam</span> <span class='ocrx_word' id='word_1_215' title='bbox 833 3590 1075 3675; x_wconf 88' lang='lat' dir='ltr'>proverbiorum</span> <span class='ocrx_word' id='word_1_216' title='bbox 1101 3588 1247 3653; x_wconf 89' lang='lat' dir='ltr'>lubenter</span> 
     </span>
     <span class='ocr_line' id='line_1_29' title="bbox 171 3696 1246 3784; baseline 0.006 -28"><span class='ocrx_word' id='word_1_217' title='bbox 171 3698 199 3746; x_wconf 70' lang='lat'>0³</span> <span class='ocrx_word' id='word_1_218' title='bbox 215 3696 256 3759; x_wconf 90' lang='lat' dir='ltr'>usi</span> <span class='ocrx_word' id='word_1_219' title='bbox 277 3708 349 3763; x_wconf 92' lang='lat' dir='ltr'>sunt</span> <span class='ocrx_word' id='word_1_220' title='bbox 372 3700 487 3784; x_wconf 89' lang='lat' dir='ltr'>specie,</span> <span class='ocrx_word' id='word_1_221' title='bbox 511 3719 593 3782; x_wconf 89' lang='lat' dir='ltr'>quae</span> <span class='ocrx_word' id='word_1_222' title='bbox 618 3699 806 3782; x_wconf 88' lang='lat' dir='ltr'>rythmicum</span> <span class='ocrx_word' id='word_1_223' title='bbox 833 3710 949 3764; x_wconf 87' lang='lat' dir='ltr'>motum</span> <span class='ocrx_word' id='word_1_224' title='bbox 972 3699 1135 3764; x_wconf 81' lang='lat' dir='ltr'>referret.“</span> <span class='ocrx_word' id='word_1_225' title='bbox 1173 3698 1246 3762; x_wconf 85' lang='lat' dir='ltr'>Jam</span> 
     </span>
     <span class='ocr_line' id='line_1_30' title="bbox 170 3787 1248 3893; baseline 0.005 -26"><span class='ocrx_word' id='word_1_226' title='bbox 170 3787 199 3858; x_wconf 71' lang='lat' dir='ltr'>Ae</span> <span class='ocrx_word' id='word_1_227' title='bbox 216 3799 307 3872; x_wconf 85' lang='lat' dir='ltr'>formo</span> <span class='ocrx_word' id='word_1_228' title='bbox 330 3809 570 3893; x_wconf 88' lang='lat' dir='ltr'>proverbiorum</span> <span class='ocrx_word' id='word_1_229' title='bbox 598 3809 871 3893; x_wconf 88' lang='lat' dir='ltr'>locutionumque,</span> <span class='ocrx_word' id='word_1_230' title='bbox 907 3827 989 3890; x_wconf 88' lang='lat' dir='ltr'>quae</span> <span class='ocrx_word' id='word_1_231' title='bbox 1017 3808 1103 3892; x_wconf 89' lang='lat' dir='ltr'>apud</span> <span class='ocrx_word' id='word_1_232' title='bbox 1125 3808 1248 3872; x_wconf 88' lang='lat' dir='ltr'>Aristo·</span> 
     </span>
     <span class='ocr_line' id='line_1_31' title="bbox 169 3899 1246 4000; baseline 0 -20"><span class='ocrx_word' id='word_1_233' title='bbox 169 3899 279 3980; x_wconf 80' lang='lat' dir='ltr'>rhanem</span> <span class='ocrx_word' id='word_1_234' title='bbox 301 3919 457 3982; x_wconf 90' lang='lat' dir='ltr'>comicum</span> <span class='ocrx_word' id='word_1_235' title='bbox 478 3919 686 4000; x_wconf 86' lang='lat' dir='ltr'>inveniantur,</span> <span class='ocrx_word' id='word_1_236' title='bbox 710 3919 889 3982; x_wconf 84' lang='lat' dir='ltr'>accuratius</span> <span class='ocrx_word' id='word_1_237' title='bbox 907 3916 1074 3998; x_wconf 87' lang='lat' dir='ltr'>disserere,</span> <span class='ocrx_word' id='word_1_238' title='bbox 1095 3916 1157 3982; x_wconf 89' lang='lat' dir='ltr'>hoo</span> <span class='ocrx_word' id='word_1_239' title='bbox 1173 3924 1246 3982; x_wconf 90' lang='lat' dir='ltr'>tem·</span> 
     </span>
     <span class='ocr_line' id='line_1_32' title="bbox 167 4023 1247 4112; baseline -0.002 -22"><span class='ocrx_word' id='word_1_240' title='bbox 167 4025 227 4090; x_wconf 66' lang='lat' dir='ltr'>pore</span> <span class='ocrx_word' id='word_1_241' title='bbox 246 4046 345 4109; x_wconf 90' lang='lat' dir='ltr'>neque</span> <span class='ocrx_word' id='word_1_242' title='bbox 367 4041 474 4112; x_wconf 89' lang='lat' dir='ltr'>aptum</span> <span class='ocrx_word' id='word_1_243' title='bbox 505 4046 607 4108; x_wconf 89' lang='lat' dir='ltr'>neque</span> <span class='ocrx_word' id='word_1_244' title='bbox 633 4028 713 4093; x_wconf 91' lang='lat' dir='ltr'>utile</span> <span class='ocrx_word' id='word_1_245' title='bbox 738 4028 864 4112; x_wconf 90' lang='lat' dir='ltr'>putavi,</span> <span class='ocrx_word' id='word_1_246' title='bbox 897 4023 982 4108; x_wconf 91' lang='lat' dir='ltr'>quod</span> <span class='ocrx_word' id='word_1_247' title='bbox 1017 4046 1088 4092; x_wconf 85' lang='lat' dir='ltr'>mea</span> <span class='ocrx_word' id='word_1_248' title='bbox 1121 4026 1247 4109; x_wconf 88' lang='lat' dir='ltr'>quidem</span> 
     </span>
     <span class='ocr_line' id='line_1_33' title="bbox 168 4134 1248 4220; baseline 0.001 -23"><span class='ocrx_word' id='word_1_249' title='bbox 168 4134 303 4200; x_wconf 70' lang='lat' dir='ltr'>leutentia</span> <span class='ocrx_word' id='word_1_250' title='bbox 324 4136 472 4202; x_wconf 86' lang='lat' dir='ltr'>eadere</span> <span class='ocrx_word' id='word_1_251' title='bbox 494 4143 558 4200; x_wconf 90' lang='lat' dir='ltr'>turn</span> <span class='ocrx_word' id='word_1_252' title='bbox 583 4135 706 4200; x_wconf 91' lang='lat' dir='ltr'>demum</span> <span class='ocrx_word' id='word_1_253' title='bbox 728 4144 879 4201; x_wconf 88' lang='lat' dir='ltr'>accurate</span> <span class='ocrx_word' id='word_1_254' title='bbox 901 4134 1015 4198; x_wconf 87' lang='lat' dir='ltr'>disseri</span> <span class='ocrx_word' id='word_1_255' title='bbox 1038 4143 1154 4220; x_wconf 89' lang='lat' dir='ltr'>potest,</span> <span class='ocrx_word' id='word_1_256' title='bbox 1178 4155 1248 4199; x_wconf 93' lang='lat' dir='ltr'>cum</span> 
     </span>
     <span class='ocr_line' id='line_1_34' title="bbox 166 4239 1245 4330; baseline 0.003 -27"><span class='ocrx_word' id='word_1_257' title='bbox 166 4239 249 4307; x_wconf 74' lang='lat' dir='ltr'>onnia</span> <span class='ocrx_word' id='word_1_258' title='bbox 270 4265 308 4310; x_wconf 79' lang='lat' dir='ltr'>ex</span> <span class='ocrx_word' id='word_1_259' title='bbox 324 4247 466 4310; x_wconf 91' lang='lat' dir='ltr'>omnibus</span> <span class='ocrx_word' id='word_1_260' title='bbox 483 4246 694 4330; x_wconf 88' lang='lat' dir='ltr'>scriptoribus</span> <span class='ocrx_word' id='word_1_261' title='bbox 710 4245 882 4330; x_wconf 87' lang='lat' dir='ltr'>proverbia</span> <span class='ocrx_word' id='word_1_262' title='bbox 898 4242 1036 4308; x_wconf 86' lang='lat' dir='ltr'>collecta</span> <span class='ocrx_word' id='word_1_263' title='bbox 1050 4246 1245 4310; x_wconf 89' lang='lat' dir='ltr'>habebimus.</span> 
     </span>
     <span class='ocr_line' id='line_1_35' title="bbox 165 4330 1246 4434; baseline -0.001 -18"><span class='ocrx_word' id='word_1_264' title='bbox 165 4330 221 4411; x_wconf 78' lang='lat' dir='ltr'>H00</span> <span class='ocrx_word' id='word_1_265' title='bbox 239 4352 309 4420; x_wconf 90' lang='lat' dir='ltr'>loco</span> <span class='ocrx_word' id='word_1_266' title='bbox 331 4354 363 4419; x_wconf 89' lang='lat' dir='ltr'>id</span> <span class='ocrx_word' id='word_1_267' title='bbox 385 4361 505 4419; x_wconf 85' lang='lat' dir='ltr'>tautum</span> <span class='ocrx_word' id='word_1_268' title='bbox 530 4357 792 4434; x_wconf 89' lang='lat' dir='ltr'>commemorab0,</span> <span class='ocrx_word' id='word_1_269' title='bbox 816 4354 985 4419; x_wconf 86' lang='lat' dir='ltr'>formarum</span> <span class='ocrx_word' id='word_1_270' title='bbox 1005 4354 1246 4417; x_wconf 87' lang='lat' dir='ltr'>usitatissimam</span> 
     </span>
     <span class='ocr_line' id='line_1_36' title="bbox 164 4460 1247 4548; baseline -0.001 -21"><span class='ocrx_word' id='word_1_271' title='bbox 164 4460 220 4521; x_wconf 63' lang='lat'>0⁸⁸0</span> <span class='ocrx_word' id='word_1_272' title='bbox 238 4464 338 4530; x_wconf 88' lang='lat' dir='ltr'>videri</span> <span class='ocrx_word' id='word_1_273' title='bbox 360 4464 613 4548; x_wconf 84' lang='lat' dir='ltr'>anapaesticam3</span> <span class='ocrx_word' id='word_1_274' title='bbox 648 4483 729 4545; x_wconf 90' lang='lat' dir='ltr'>quae</span> <span class='ocrx_word' id='word_1_275' title='bbox 755 4462 860 4546; x_wconf 87' lang='lat' dir='ltr'>ipsam</span> <span class='ocrx_word' id='word_1_276' title='bbox 881 4464 922 4528; x_wconf 94' lang='lat' dir='ltr'>ob</span> <span class='ocrx_word' id='word_1_277' title='bbox 947 4482 1083 4543; x_wconf 89' lang='lat' dir='ltr'>causam,</span> <span class='ocrx_word' id='word_1_278' title='bbox 1107 4463 1193 4545; x_wconf 93' lang='lat' dir='ltr'>quod</span> <span class='ocrx_word' id='word_1_279' title='bbox 1213 4462 1247 4526; x_wconf 89' lang='lat' dir='ltr'>in</span> 
     </span>
     <span class='ocr_line' id='line_1_37' title="bbox 163 4555 1249 4658; baseline 0.002 -24"><span class='ocrx_word' id='word_1_280' title='bbox 163 4555 269 4651; x_wconf 62' lang='lat' dir='ltr'>alapis</span> <span class='ocrx_word' id='word_1_281' title='bbox 289 4593 447 4658; x_wconf 86' lang='lat' dir='ltr'>persaepe</span> <span class='ocrx_word' id='word_1_282' title='bbox 469 4573 588 4638; x_wconf 86' lang='lat' dir='ltr'>usitata</span> <span class='ocrx_word' id='word_1_283' title='bbox 610 4582 674 4656; x_wconf 87' lang='lat' dir='ltr'>est,</span> <span class='ocrx_word' id='word_1_284' title='bbox 702 4574 907 4657; x_wconf 88' lang='lat' dir='ltr'>paroemiaca</span> <span class='ocrx_word' id='word_1_285' title='bbox 929 4573 1092 4658; x_wconf 84' lang='lat' dir='ltr'>appellata</span> <span class='ocrx_word' id='word_1_286' title='bbox 1115 4580 1178 4654; x_wconf 92' lang='lat' dir='ltr'>est,</span> <span class='ocrx_word' id='word_1_287' title='bbox 1213 4577 1249 4636; x_wconf 93' lang='lat' dir='ltr'>ut</span> 
     </span>
    </p>
   </div>
   <div class='ocr_carea' id='block_1_2' title="bbox 0 0 1396 5030">
    <p class='ocr_par' dir='ltr' id='par_1_5' title="bbox 0 0 1396 5030">
     <span class='ocr_line' id='line_1_38' title="bbox 0 0 1396 5030; baseline 0 0"><span class='ocrx_word' id='word_1_288' title='bbox 0 0 1396 5030; x_wconf 95' lang='lat' dir='ltr'> </span> 
     </span>
    </p>
   </div>
  </div>
 </body>
</html>
