2866 5176
543 586 743 599 m

244 701 277 771 ὃς
298 701 332 784 ἢν
352 706 448 771 κακοῖς
471 727 526 766 που
548 703 692 789 περιπέσῃ
714 701 762 766 καί
783 705 905 787 πληοίος
927 711 1063 790 παραστῇ

418 810 432 831 t!

243 810 393 873 πέπτωκεν
416 813 472 881 sios
496 817 552 874 τῶν
574 818 679 894 κακῶν,

95 919 179 1002 quod
202 920 286 984 idem
309 921 496 986 scholiastes
522 922 644 986 oodR
677 929 708 986 et
740 922 894 1006 Didymus
928 924 960 986 in
990 924 1090 989 sohol.
1114 925 1192 991 ref·

93 1035 174 1091 runt.
235 1027 326 1105 Quod
360 1038 395 1094 nt
428 1031 562 1110 diceret,
596 1037 693 1115 poeta
725 1031 902 1095 looutiones
936 1028 1006 1098 Χῖος
1025 1041 1072 1098 ‘et
1105 1029 1192 1118 Κῷος
1262 1108 1273 1133 ι

94 1136 150 1220 (so.
174 1134 277 1222 βόλος)
300 1139 457 1221 adhibuit;
496 1160 555 1204 neo
578 1147 684 1203 tamen
706 1140 755 1220 iis,
779 1147 813 1205 ut
834 1147 933 1220 erant,
956 1161 1031 1206 usus
1055 1150 1111 1222 est,
1135 1143 1192 1208 sed

93 1253 128 1310 ut
149 1247 357 1313 Theramenis
380 1249 514 1331 patriam
539 1248 743 1329 significaret,
767 1271 825 1332 pro
848 1245 935 1333 Κῷος
950 1251 1081 1334 scripsit
1096 1247 1190 1320 Κεῖος.

175 1345 348 1439 Apparet,
377 1358 579 1436 scholiastae,
607 1360 660 1439 qui
683 1359 912 1423 Theramenem
936 1354 1022 1442 Κῷος
1043 1360 1096 1424 vel
1118 1357 1191 1428 Χῖος

92 1473 217 1546 vooent,
239 1468 340 1530 verba
360 1466 417 1530 illa
439 1487 501 1530 nou
522 1486 653 1550 prorsus
674 1467 879 1532 intellexisse.

191 1574 336 1656 Denique
358 1575 587 1640 admonendum
611 1577 685 1639 mihi
708 1584 765 1658 est,
794 1578 1042 1659 Aristophanem
1065 1596 1127 1640 non
1148 1585 1191 1642 te

92 1669 203 1762 tigisse
225 1685 427 1766 proverbium
449 1685 568 1767 ipsum,
591 1685 676 1768 quod
700 1686 742 1750 sit
763 1682 835 1753 Χῖος
856 1685 1006 1768 παραστὰς
1027 1681 1115 1770 Κῷον
1138 1686 1191 1749 οὐκ

91 1787 128 1874 ἐᾷ
152 1789 243 1872 λέγειν
265 1793 316 1856 vel
339 1787 409 1876 Κῷς
431 1795 501 1875 προς
524 1789 604 1873 Χῖον,
634 1794 691 1858 sed
712 1795 890 1859 locutiones
913 1801 1043 1868 tantum,
1066 1814 1105 1859 ex
1127 1796 1191 1878 qui·

90 1902 149 1964 bus
172 1903 375 1984 proverbium
398 1908 500 1965 ortum
522 1903 571 1982 sit,
585 1891 721 1966 ¹soilioet
743 1901 758 1964 ὁ
781 1899 853 1970 Χῖος
877 1912 910 1968 et
932 1903 947 1964 ὁ
970 1898 1057 1988 inor
1077 1902 1174 1989 βόλος.

190 2009 311 2087 Quodsi
343 2010 496 2094 Didymus
524 2019 606 2075 teste
629 2011 804 2076 scholiasta
835 2015 934 2077 verba
961 2010 995 2074 οὐ
1018 2008 1090 2079 Χῖος
1112 2011 1191 2076 ἀλλὰ

88 2113 175 2185 Κεῖος
197 2120 361 2202 proverbii
384 2120 458 2183 loeo
482 2119 594 2184 habuit
616 2119 754 2204 (Δίδυμος
777 2119 810 2182 δέ
832 2143 916 2204 φησιν
940 2119 983 2182 ὅτι
1005 2120 1123 2183 δύναται
1144 2123 1191 2184 καὶ

89 2230 141 2308 τῆς
163 2228 314 2310 παροιμίας
336 2229 506 2311 μεμνῆσθαι,
530 2228 562 2289 οὐ
586 2224 656 2296 Χῖος
673 2228 749 2291 ἀλλὰ
763 2224 871 2312 Κεῖος),
895 2250 988 2313 quem
1000 2229 1189 2297 Welekerus

89 2336 200 2418 soript.
223 2337 296 2400 min.
319 2337 359 2417 II,
383 2335 444 2398 459
468 2345 594 2400 secutus
618 2345 682 2418 est,
709 2339 778 2421 jam
807 2339 923 2403 nemini
957 2338 1084 2403 dubium
1118 2361 1189 2406 esse

88 2453 210 2529 potest,
234 2447 323 2528 quin,
354 2467 424 2509 oum
447 2447 678 2529 Aristophanes
707 2467 786 2511 voee
810 2443 893 2515 Κεῖος
914 2448 1052 2531 patriam
1073 2449 1190 2513 Thera·

89 2555 190 2618 menis
213 2555 460 2637 significaverit,
497 2557 608 2637 verba,
643 2577 724 2639 quae
753 2556 908 2638 Didymus
934 2578 995 2640 pro
1018 2559 1188 2642 proverbio

88 2663 209 2744 habuit,
233 2663 448 2748 proverbialis
470 2685 545 2728 non
568 2665 640 2728 sint.

190 2772 307 2837 Paucis
340 2779 375 2836 ut
409 2774 617 2855 eompleotar,
650 2794 730 2856 quae
758 2773 797 2837 de
824 2773 1021 2838 Theramene
1044 2774 1188 2856 disserui,

87 2882 170 2945 haee
194 2889 279 2945 sunt:
306 2883 520 2946 Theramenes
542 2883 574 2945 in
589 2881 694 2945 insula
708 2882 773 2946 Oea
789 2890 880 2945 natus
903 2893 967 2964 est;
991 2891 1189 2968 quapropter

88 2991 324 3073 Aristophanes
361 2992 522 3072 attingens
550 2991 741 3072 locutiones,
775 3011 856 3074 quae
891 2998 963 3054 sunt
985 2991 1000 3053 ὁ
1023 2989 1095 3059 Χῖος
1118 2993 1188 3057 eti

88 3094 178 3182 Κῷος
200 3099 294 3183 βόλος,
318 3100 400 3164 dixit
422 3099 455 3160 οὐ
478 3097 558 3182 Χῖος,
582 3098 660 3161 ἀλλὰ
682 3095 775 3182 Κεῖος,
807 3107 842 3163 ut
864 3099 1070 3182 significaret,
1092 3101 1189 3165 fortn-

85 3230 162 3272 nam
184 3210 374 3274 Therameni
396 3210 515 3291 ubique
537 3216 665 3290 praesto
688 3207 797 3272 fuisse.

190 3318 250 3395 Qui
273 3319 365 3401 plura
387 3318 426 3382 de
449 3318 647 3382 Theramene
667 3337 862 3399 eognosoero
884 3319 974 3399 velit,
1003 3319 1091 3399 legat
1112 3319 1187 3402 Lys.

86 3450 152 3491 κατ.
176 3424 327 3510 Ἐρατοσθ.
350 3424 369 3511 ξ
391 3424 523 3489 62-t9.

189 3537 260 3600 Hoo
304 3537 375 3600 looo
409 3535 538 3599 erudele
574 3536 751 3599 institutum
787 3536 1093 3600 commemorandum
1129 3544 1187 3616 est,

86 3644 175 3727 quod
197 3654 229 3709 et
249 3646 367 3709 nostris
389 3645 563 3727 majoribus
586 3652 693 3707 notum
706 3651 783 3708 erut.
817 3647 953 3710 Veteres
978 3646 1061 3708 enim
1077 3665 1187 3709 servos

87 3755 287 3837 gravissimis
310 3754 478 3836 suppliciis
500 3753 699 3834 afficiebant3
738 3773 820 3836 quae
853 3761 888 3817 ut
918 3753 1047 3817 facilius
1081 3754 1188 3818 erude-

87 3863 215 3947 linsqne
237 3871 432 3943 exercerent,
460 3863 675 3926 instrumentis
698 3862 887 3945 quibusdam
910 3864 1086 3944 utebantur,
1116 3884 1188 3944 quo·

86 3993 157 4036 rum
190 3993 283 4035 unum
316 3980 378 4051 est,
409 3972 493 4053 quod
517 3971 644 4035 Graece
669 3971 751 4039 ξύλον
775 3981 917 4034 voeatur.
960 3973 1039 4035 Erat
1061 3972 1121 4036 hoo
1143 3973 1188 4035 in-

87 4090 293 4145 strumentum
316 4081 455 4163 ligneum
479 4087 511 4144 et
533 4080 740 4163 perforatum,
774 4081 805 4142 in
829 4079 913 4163 quod
935 4088 1043 4164 eaput,
1071 4100 1189 4161 manus,

86 4190 188 4274 pedes
211 4190 295 4252 servi
319 4180 469 4271 puniendi
492 4190 722 4253 inserebantur.
766 4190 838 4253 Hae
861 4209 900 4253 ex
922 4209 956 4253 re
976 4189 1097 4254 looutio
1120 4210 1190 4274 pro·
1275 4215 1280 4223 ·

88 4299 175 4364 fecta
196 4308 253 4379 est,
277 4319 359 4380 quae
383 4307 433 4362 est
455 4297 486 4365 ἐξ
510 4298 606 4366 ἀξίου
630 4299 734 4366 ξύλου
764 4297 1003 4380 ἀπάγξασθαι,
1037 4306 1190 4380 usurpata

88 4410 130 4472 ab
152 4408 368 4491 Aristophane
390 4408 423 4470 in
445 4428 512 4470 ran.
538 4406 611 4486 736,
646 4409 699 4471 ubi
733 4408 847 4471 ohorus
881 4407 1067 4471 adhortatur
1094 4407 1187 4471 Athe·

88 4518 224 4597 nienses,
248 4525 282 4579 nt
304 4517 441 4598 optimos
465 4518 552 4580 eires
575 4517 622 4580 rei
644 4517 793 4599 publicae
815 4515 1012 4600 praeficiant,
1037 4537 1098 4580 non
1121 4535 1189 4599 pes·

89 4627 203 4707 simos;
237 4646 309 4697 uam
333 4625 360 4691 si
382 4625 446 4693 illis
471 4626 603 4695 duoihus
626 4627 795 4716 quiequam
818 4626 892 4693 mali
915 4626 1077 4707 aooiderit,
1101 4631 1189 4690 certo
