2782 5032
574 328 613 391 19

495 416 695 432 q-——n-——a

40 527 189 617 κεχηνάτα
209 529 434 616 παραγίγνεσθαι
456 529 500 594 ἐπ’
522 528 608 594 αιἰτό·
632 531 700 594 ὅταν
715 527 766 594 οὖν
788 533 828 616 μὴ
851 530 941 616 λάβη,
964 528 979 593 δ
1001 534 1145 615 προαιρεῖ·

39 663 94 723 ται,
119 640 195 705 κατὰ
217 643 302 704 κενοῦ
325 639 412 704 αδτδν
434 644 532 726 χανεῖν
554 663 648 726 φασιν.
685 639 730 703 ἐπὶ
751 637 802 703 οὖν
825 644 882 703 τῶν
899 640 1147 724 συνελπιζομὲνιον

38 750 278 837 χρηματιεῖσθαι,
315 748 568 835 διαμαρτανόντων
596 749 630 812 δὲ
652 748 769 830 λέγουσι
821 745 869 812 Ἀ.
894 747 1146 834 θεσμοφοριαίού·

39 882 104 928 σαις
127 860 165 945 β’.
212 859 353 925 Similem
375 859 670 941 interpretationem
693 858 804 922 videas
826 879 877 941 ap.
900 859 994 942 Diog.
1017 859 1074 942 VI,
1095 857 1148 941 20.

39 969 122 1034 Οιιιιι
145 969 186 1035 de
207 970 262 1050 iis,
297 969 350 1051 qui
377 967 494 1033 frustm
521 967 642 1051 aliquid
665 968 803 1051 adipisci
826 973 995 1049 conantur,
1026 967 1147 1032 locutio

40 1078 182 1160 dicatur,
210 1077 349 1160 aGreg.
373 1077 470 1161 prr.
494 1078 537 1142 M.
561 1077 618 1158 IV,
649 1075 688 1138 15
710 1085 742 1142 et
762 1079 877 1162 Apost.
901 1077 947 1159 X,
969 1075 1011 1139 85
1037 1076 1148 1141 addite

40 1195 92 1252 est
112 1208 178 1252 vox
198 1188 306 1270 μάτηνε
342 1185 428 1254 λύκος
456 1187 550 1270 μάτην
572 1185 683 1271 χανώνε
716 1184 761 1247 ἐπὶ
788 1189 846 1248 τῶν
873 1187 964 1270 μάτην
994 1186 1148 1249 ποιοίτιον.

39 1294 78 1360 In
100 1296 226 1362 adnott.
248 1297 290 1360 ad
312 1295 410 1378 Greg.
428 1294 463 1359 0.
488 1295 530 1360 M.
547 1296 604 1378 IV,
629 1296 668 1358 15
689 1296 880 1360 Leutsohius
903 1303 1052 1378 annotat,
1075 1313 1147 1378 pro·

40 1406 188 1471 verbium
211 1412 312 1489 ortum
336 1423 407 1470 esse
430 1424 470 1472 ex
492 1403 615 1487 fabula3
639 1404 679 1468 cf.
701 1405 812 1469 Babrii
834 1405 919 1470 sabb.
944 1402 992 1469 16.

144 1539 231 1606 Usus
253 1546 303 1605 est
323 1510 557 1622 Aristophanes
578 1538 640 1604 hoo
662 1540 836 1622 proverbio
859 1539 891 1602 in
914 1540 989 1622 Lys.
1013 1535 1091 1604 629:

498 1671 634 1753 ἀνδράσιν
656 1671 841 1753 Λακωνικοῖς,

244 1779 298 1844 οίσι
319 1779 419 1844 πιστδν
442 1780 527 1844 οὐδὲν
550 1780 575 1843 εἰ
597 1780 637 1864 μή
660 1804 714 1865 περ
737 1782 818 1864 λύκῳ
841 1779 983 1866 κεχηνότι.

145 1914 196 1979 Ad
217 1935 366 2000 rapacem
387 1915 455 2000 lupi
484 1922 628 1979 naturam
649 1915 870 1980 illustrandam
898 1915 938 1980 cf.
961 1917 1035 1979 nub.
1057 1911 1149 1995 3513

51 2025 102 2087 ubi
123 2032 290 2109 postquam
315 2023 520 2109 Strepsiadcs
542 2024 684 2107 rogavit,
707 2046 800 2108 quam
823 2024 954 2088 sormam
978 2026 1078 2088 nubes
1100 2043 1149 2086 ac·

54 2141 196 2216 cepturae
228 2134 305 2215 siut,
339 2134 366 2197 si
390 2133 549 2198 Simonem
579 2133 679 2207 furem
708 2134 905 2217 aspexerint:
939 2133 1012 2195 τίδ’
1034 2130 1089 2213 ἄρ’,
1112 2129 1147 2212 ἣν

56 2238 160 2322 ἅρπαγα
174 2245 232 2303 τῶν
254 2242 401 2325 δημοσίων
419 2243 558 2304 κατίδωσι
574 2240 699 2325 Σίμωνα,
720 2242 749 2304 τί
761 2243 866 2325 δρῶσιν
889 2243 946 2326 (se.
963 2244 991 2304 αἱ
1006 2239 1148 2325 νεφέλαι),

60 2347 196 2416 Socrates
211 2351 402 2435 respondet:
418 2351 632 2436 ἀποφαίνουσαι
648 2353 699 2434 τὴν
715 2349 798 2436 φύσιν
814 2351 904 2413 αὐτοῦ
921 2351 1002 2414 λάκοι
1017 2349 1150 2433 ἐξαίφνης

63 2453 184 2536 ἐγίνοντο.
229 2459 269 2526 cf.
291 2460 414 2525 Erasm.
436 2482 468 2544 p.
493 2457 562 2523 185.
584 2458 655 2522 351.

148 2586 314 2652 Proverbii
338 2587 479 2670 speciem
499 2586 657 2650 locutioni
678 2586 785 2651 inesse
809 2593 900 2669 putu,
934 2605 1016 2668 quae
1042 2585 1075 2648 in
1098 2605 1148 2648 av.

66 2687 114 2753 369
138 2694 265 2778 legitur:
301 2691 482 2780 φεισόμεσθα
509 2697 564 2778 γάρ
592 2718 618 2756 τι
644 2695 738 2756 τῶνδε
760 2696 871 2777 μᾶλλον
893 2691 1014 2776 ίμεῖςῆ
1037 2691 1147 2775 λα’κιον;

66 2795 201 2869 Dicuntur
228 2824 267 2870 ea
293 2806 394 2870 verba
428 2806 469 2868 ab
502 2804 629 2884 avibus,
664 2803 865 2887 aggressuris
896 2802 1084 2886 Euelpidem
1116 2809 1149 2867 et

66 2902 290 2979 Peithetaerum.
324 2913 405 2978 Orta
420 2921 469 2978 est
482 2913 604 2978 locutio
619 2912 681 2976 hac
702 2933 742 2978 ex
762 2933 810 2978 re:
836 2911 934 2977 Solon
956 2913 1040 2976 euim
1062 2912 1149 2996 quod

65 3017 140 3084 multi
158 3023 224 3108 lupi
246 3023 303 3087 illo
318 3031 463 3107 tempore
478 3022 510 3085 in
525 3023 636 3087 Attica
651 3023 860 3105 vagabantur,
882 3023 1057 3106 praemium
1079 3041 1149 3107 pro·

65 3139 207 3214 posuerat
230 3133 258 3196 si
275 3131 346 3214 quis
368 3131 476 3216 lupum
491 3129 715 3213 interfecisset
738 3139 773 3195 ut
787 3131 870 3212 Plut.
888 3131 953 3197 Sol.
968 3129 1010 3193 23
1024 3137 1148 3197 narrat:

66 3228 139 3299 λύκον
158 3240 190 3303 δὲ
208 3244 251 3325 τῷ
273 3240 420 3325 κομίσαντι
445 3238 531 3302 πέντε
555 3237 689 3324 δραχμὰς
716 3236 825 3322 ἔδωκε,
860 3239 978 3303 λυκιδέα
1011 3239 1045 3303 δὲ
1073 3239 1149 3324 μίαν.

66 3334 169 3414 Quodsi
190 3350 381 3414 scholiastes
403 3349 503 3414 Arist.
526 3349 668 3411 τάλαντον
696 3357 729 3414 et
750 3349 802 3410 δύο
825 3349 953 3411 τάλαντα
974 3350 1149 3435 praemium

66 3451 162 3539 mdia,
193 3458 306 3523 falsum
340 3459 545 3543 ineptumque
580 3457 612 3520 id
644 3465 703 3523 est.
756 3457 828 3524 Nec
851 3466 955 3523 tamen
976 3477 1036 3543 pro
1060 3465 1149 3523 certo

68 3553 284 3648 affirnteveuim,
316 3568 511 3632 locutionem
543 3566 738 3652 φείδεσθαί
767 3588 861 3635 τινος
893 3565 939 3649 μὴ
972 3565 1149 3650 μᾶλλονῆ

70 3662 160 3737 liano
174 3677 339 3760 vulgarem
361 3677 468 3758 luisse,
491 3677 672 3741 dictitatam
687 3677 728 3742 de
743 3677 799 3757 eis,
822 3676 936 3759 quibus
951 3695 1150 3760 nequaquem

71 3788 140 3846 esset
157 3785 401 3872 temperandum,
425 3786 573 3869 quoniam
595 3794 739 3851 veterum
760 3784 942 3850 testimonia
964 3784 1087 3850 desunt.

151 3893 263 3960 Melius
285 3915 337 3961 ros
360 3915 395 3960 se
417 3896 515 3960 habet
535 3895 569 3959 in
591 3914 661 3976 equ
688 3891 782 3973 1029,
808 3893 864 3956 ubi
887 3894 966 3958 haec
989 3895 1089 3957 verba
1109 3893 1150 3958 le-

74 4005 177 4069 mutor:
623 4020 626 4024 ·

189 4113 269 4194 α’ζ,εο
286 4109 472 4197 Ἐρε-χθείδη,
495 4106 684 4195 κίναΚρβ
650 4111 751 4195 ρβερον
773 4110 824 4172 αἰνδ
827 4111 919 4193 ραποδ
923 4135 964 4172 ισ
952 4134 1012 4194 ην

154 4218 182 4288 ς
203 4221 240 4284 κ
248 4245 321 4306 ρκιρ
344 4221 534 4302 σαίνωνά,
558 4219 664 4283 ὁπόταν
689 4222 814 4302 εδιπνης,
837 4216 982 4302 ἑπιτηριιιν

155 4326 279 4399 ἐξέδεταί
298 4351 344 4393 σοι
365 4328 489 4413 τοῦψιον,
513 4328 582 4392 ὅταν
605 4330 640 4392 σύ
662 4352 718 4391 που
741 4326 851 4390 ἄλλοσε
872 4329 995 4412 χάσκης

77 4445 168 4521 quibus
186 4457 292 4521 verbis
315 4463 443 4539 poetam
464 4456 669 4538 proverbium
695 4454 781 4537 quod
809 4454 866 4521 sit:
899 4452 1030 4521 σαίνεις
1066 4453 1150 4517 δάκ-

950 4568 992 4620 2*
