2782 5032
634 510 718 597 φασὶν
740 510 795 596 γὰρ
818 511 991 598 όυοβουλόαν

135 621 207 704 τῇδε
229 624 268 703 τη
289 617 374 683 πόλει
395 625 548 705 προτεῖναι,
572 622 661 683 ταῦτα
684 619 735 704 μέν
757 644 799 684 τοι
820 618 888 688 τοὺς
911 618 998 689 θεοὺς

136 727 196 790 ἅττ’
219 725 254 789 ἂν
277 726 355 811 ὑμεῖς
377 728 549 813 ἐξαμάρτητ’
572 728 618 791 ἐπὶ
639 728 672 792 τό
695 728 806 814 βέλτιον
830 727 956 811 τρέπειν·

39 879 78 925 ex
112 863 191 947 ipsis
220 863 327 927 verbis
350 863 552 946 intelligitur,
585 864 670 948 apud
692 863 837 929 Graecos
868 863 1032 946 proverbii
1064 863 1137 928 loco

41 967 136 1036 luisse
156 972 394 1036 Atheniensium
416 991 598 1036 successum
627 992 814 1056 prosperum
847 973 880 1034 in
912 973 1009 1035 rebus
1042 974 1139 1036 susei-

44 1079 178 1163 piendis,
211 1080 265 1162 qui
292 1087 398 1144 tantus
425 1089 525 1162 esset,
558 1088 593 1144 ut
614 1081 666 1145 vel
689 1101 741 1159 ea,
776 1081 889 1163 quihus
918 1081 1000 1146 male
1029 1101 1138 1145 consu·

46 1185 183 1268 luissent,
216 1209 374 1272 prospere
406 1189 489 1254 deis
504 1189 729 1272 adjuvantibus
757 1189 975 1256 succederent.
1020 1188 1138 1254 Suidas

52 1315 73 1359 s.
91 1319 118 1361 v.
138 1297 214 1382 όυςβ.
242 1282 387 1362 annotat:
421 1295 456 1381 ἧν
479 1300 563 1359 τοῦτο
587 1295 741 1380 λεγόμενον
765 1296 929 1382 ἐπιχώριον.
973 1297 1139 1380 Originem

55 1408 211 1471 sententiae
243 1406 433 1471 scholiastes
466 1427 506 1470 ex
538 1406 646 1470 fabula
679 1406 783 1470 duxit:
817 1405 886 1489 φασὶ
918 1403 962 1467 ὅτι
993 1404 1137 1468 Ποσειδῶν

56 1513 171 1598 ἡττηθεὶς
192 1520 228 1597 τη
247 1510 362 1598 Ἀθηνᾷ
385 1515 553 1600 ὃυςβουλίαν
576 1514 718 1598 ἐπέβαλεν
736 1509 918 1597 Ἀθηναίοις,
948 1509 1081 1597 Ἀθηνᾶν
1095 1504 1137 1576 ’δὲ
1175 1533 1177 1538 ·

58 1620 87 1683 τό
105 1622 278 1708 βουλεύματα
301 1625 397 1691 καλῶς
420 1625 623 1709 μεταβάλλειν.
668 1624 787 1687 Eadem
817 1623 975 1688 sententia
997 1623 1138 1687 occurrit

60 1728 204 1798 ineccles.
227 1729 366 1796 473-6:

277 1846 363 1930 λόγος
384 1847 417 1930 γε’
439 1848 486 1911 τοί
504 1872 545 1917 τις
567 1846 629 1911 ἔστι
650 1853 707 1910 τῶν
729 1848 904 1932 γεραιτέρων

277 1955 321 2019 δυ’
344 1955 379 2019 ἂν
402 1954 500 2040 ἀνόητ’
521 1957 540 2040 ἢ
561 1962 646 2041 μῶρα
668 1957 908 2042 βουλευσώμεθα,

276 2065 378 2128 ἅπαντ’
400 2065 448 2128 ἐπὶ
468 2067 501 2128 τό
524 2067 636 2151 βελτίον
659 2068 725 2149 ἡμῖν
747 2065 909 2150 ξυμφέρειν.

140 2199 250 2263 llirum
273 2220 344 2265 esse
367 2201 477 2264 docuit
491 2199 650 2280 Lehrsius
673 2208 867 2283 praeceptor
883 2199 1136 2284 spectatissimus

60 2309 397 2392 venerabilissimusque,
421 2329 493 2372 oum
507 2309 704 2373 comoediam
726 2307 846 2393 νεφέλαι
868 2309 1056 2394 explicaret,
1079 2308 1135 2372 illo

60 2410 117 2477 loco
137 2417 196 2500 legi
219 2419 351 2487 verbum
377 2418 495 2501 φασίν,
528 2419 591 2483 hoc
614 2417 701 2499 λόγος
726 2415 788 2479 ἔστι
814 2423 871 2480 τῶν
904 2417 1135 2500 γεραίτερων;

61 2540 142 2604 neque
160 2536 263 2592 mmen
281 2533 411 2611 -poetam
438 2534 557 2592 temere
583 2528 630 2591 sic
658 2527 838 2610 scripsisse.
881 2526 964 2590 Nam
988 2546 1058 2591 eum
1080 2525 1137 2588 illa

62 2635 200 2699 comoedia
216 2643 293 2700 ante
308 2635 384 2700 belli
400 2636 670 2718 Peloponnesiaci
686 2635 813 2715 exitum,
833 2636 913 2699 haee
929 2654 1006 2699 vero
1021 2645 1137 2718 postea

62 2748 120 2804 acta
146 2751 242 2825 esset,
275 2745 523 2829 Aristophanem
544 2763 731 2829 oppressum
754 2764 875 2807 summa
896 2743 1136 2808 Atheniensium

10 2896 13 2947 γ
63 2844 133 2914 clade
144 2852 208 2934 jam
224 2853 359 2918 desiisse
377 2853 523 2917 fortunae
537 2852 778 2918 Atheniensium
794 2851 964 2917 confidere.
981 2888 1021 2898 -
1036 2852 1137 2918 Ouam

10 2950 14 3003 ¹
62 2955 167 3040 vulgan
186 2962 266 3027 haec
290 2963 449 3027 sententia
464 2962 504 3026 de
520 2961 760 3026 Atheniensium
775 2962 901 3024 fortuna
923 2960 1011 3025 dicta
1033 2960 1135 3040 fuerit,

10 3132 12 3161 Ι
62 3061 156 3134 docent
174 3070 251 3151 loci,
285 3071 339 3152 qui
362 3072 488 3134 suntin
511 3090 582 3153 equ.
608 3070 701 3136 1055:
735 3064 901 3151 Κεκροπίδη
920 3067 1082 3153 κακόβουλε
1105 3076 1138 3133 et

63 3189 102 3254 tp·
117 3175 246 3262 Eupolin
267 3178 344 3241 214:
377 3180 402 3243 ὤ
425 3176 520 3261 πόλις,
550 3177 633 3246 πόλις
655 3181 695 3246 ὡς
717 3177 844 3261 εὐτυχὴς
866 3175 892 3240 εἶ
912 3181 1024 3261 μᾶλλον
1045 3175 1064 3258 ἢ
1087 3198 1137 3239 κα-

64 3280 108 3350 λῶς
125 3292 241 3370 φρονεῖς.

141 3395 302 3462 Hoc-loco
323 3396 422 3462 liceat
444 3405 571 3476 notare,
604 3396 818 3460 Athenienses
850 3396 945 3460 etiam
971 3392 1137 3458 attardus

63 3494 88 3559 in
103 3505 186 3570 rebus
202 3505 335 3588 agendis
352 3505 438 3590 apud
452 3525 560 3569 omues
575 3505 783 3589 pervulgatos
798 3503 911 3585 fuisse3
934 3502 1020 3585 quod
1042 3501 1138 3566 docet

63 3602 140 3691 locus,
160 3615 212 3697 qui
233 3621 284 3680 est
305 3615 337 3677 in
360 3615 435 3698 Lys.
457 3612 507 3694 56,
532 3612 565 3678 7:

208 3748 333 3831 ἀλλ’,·ὤ
356 3751 421 3831 μέλ,
445 3744 509 3832 ὄψει
530 3767 574 3808 τοι
595 3745 709 3830 σφόδρα
731 3745 822 3812 αὐτὰς
836 3742 975 3813 Ἀττικάς

207 3856 320 3919 ἅπαντα
342 3857 458 3940 δρώσας
478 3858 529 3917 τοῦ
551 3853 667 3922 δέοντος
689 3853 818 3938 ὕστερον,

66 3981 106 4046 uhi
123 3988 293 4074 Lysistrate
316 3992 355 4055 de
377 3990 562 4055 mulieribus
577 3989 826 4063 Atheniensibus
846 3988 955 4050 locuta
976 3992 1033 4068 est,
1057 4005 1139 4070 quae

66 4101 248 4167 uoreAttieo
271 4121 297 4165 c.
322 4120 349 4165 e.
373 4120 445 4165 sero
468 4100 499 4163 in
523 4106 712 4163 conventum
735 4098 900 4161 mulierum
922 4096 1139 4161 convenirent.

66 4195 165 4276 Quain
185 4230 219 4275 re
237 4210 288 4275 oui
312 4231 374 4274 uon
395 4210 427 4273 in
451 4200 586 4273 mentem
603 4208 691 4273 venit
706 4205 904 4272 strenuitatis
919 4204 1139 4287 Dicaeopolis

66 4309 130 4378 civis
146 4318 371 4400 Acharnensis,
395 4319 449 4397 qui
471 4318 574 4402 primo
593 4317 663 4400 jam
685 4337 777 4382 mane
800 4316 831 4380 in
853 4296 989 4399 parcam
1011 4332 1140 4396 secon-

65 4417 172 4511 derat,
202 4429 395 4525 multumque
429 4427 582 4508 temporis
610 4428 832 4510 exspectabat,
866 4423 972 4508 quoad
1003 4421 1140 4508 populus

1007 4538 1040 4592 8*
