2782 5032
675 268 719 330 40

246 471 368 548 Quodsi
390 474 560 536 verborum
583 471 751 542 λακωνίζειν
773 477 805 535 et
828 470 950 555 λεσβιεῖν
970 478 1003 535 et
1017 469 1244 552 applicaremur

147 582 394 661 meminerimus,
418 602 480 644 non
504 582 566 645 erit
587 579 762 643 mirandum
784 581 891 655 nobis,
915 579 1095 661 legentibus
1118 581 1243 643 verbum

147 690 306 772 συβαρίζειν
330 688 454 773 inpac.
477 688 778 754 taraschonam
811 709 869 770 per
901 690 1013 771 τρυρᾶν
1046 688 1243 772 explicatum.

151 800 321 884 Sybaritae
356 800 438 863 enim
467 799 499 861 in
523 818 579 862 ore
612 799 748 862 onmium
783 804 873 861 erant
904 804 1073 880 tantopere
1105 796 1245 861 luxuriae

149 909 263 991 dediti,
294 914 328 972 ut
350 928 414 970 vox
436 906 594 990 συβαρίζειν
629 906 760 970 eandem
793 905 1061 988 significationem
1087 906 1246 988 acciperet

148 1025 245 1102 atque
276 1016 445 1097 luxuriari,
480 1014 520 1078 cf.
555 1016 659 1081 schol:
693 1016 770 1077 ὥστε
798 1014 844 1076 καὶ
871 1012 911 1081 εἰς
933 1015 1089 1097 παροιμίαν
1111 1012 1247 1097 φέρεσθαι

148 1126 308 1209 ἐκνενίκηκε
345 1126 364 1208 ἡ
398 1122 570 1208 Συβαριτικὴ
603 1126 746 1206 τράπεζα,
779 1125 799 1206 ἡ
832 1122 1000 1204 πολυτελὴς
1032 1122 1080 1184 καὶ
1115 1124 1245 1205 δαψιλής.

149 1235 227 1299 Cum
250 1242 350 1298 metro
371 1234 471 1298 invito
489 1233 647 1317 συβαρίζειν
670 1233 690 1296 l.
715 1254 742 1297 e.
765 1233 899 1314 legatur,
922 1232 983 1295 viri
997 1232 1085 1296 docti
1106 1232 1247 1296 codicum

150 1344 321 1409 lectionem
345 1343 460 1406 mutari
492 1342 617 1405 volunt:
662 1341 793 1406 Meiuek
825 1343 857 1405 in
890 1341 984 1405 Anal.
1014 1341 1106 1406 Alex.
1134 1363 1168 1426 p.
1194 1337 1247 1401 118

149 1452 318 1538 proposuit
340 1451 519 1534 συβριυίζειν,
556 1450 592 1514 L.
616 1450 800 1514 Diodorfius
828 1452 859 1513 in
888 1451 982 1515 Thes.
1006 1450 1069 1515 vol.
1093 1447 1110 1510 7
1134 1470 1166 1532 p.
1191 1447 1246 1510 931

149 1561 315 1645 συρβιοίζειν.
360 1559 399 1624 et.
423 1559 538 1623 Valck.
563 1559 642 1623 Call.
666 1581 696 1643 p.
719 1557 790 1622 288.
834 1558 902 1623 Nee
927 1568 1118 1622 tamencum
1138 1557 1247 1641 optimi

150 1671 279 1734 codices
300 1669 470 1733 lectionem
493 1669 653 1753 συβαρίζειν
668 1670 851 1752 praebeant,
874 1669 1042 1750 quisquam
1058 1687 1176 1748 eorum,
1199 1666 1247 1748 qui

149 1782 188 1843 Α.
202 1778 385 1842 comoedias
398 1777 573 1858 ediderunt,
590 1777 752 1859 avulgata
762 1777 903 1840 lectione
917 1776 1070 1841 recedere
1082 1795 1177 1840 ausus
1194 1787 1247 1841 est.

251 1885 469 1968 Sybaritarum
488 1886 594 1950 luxum
616 1888 709 1951 etiam
731 1887 764 1948 in
786 1884 890 1967 frgmt.
914 1883 955 1946 33
971 1893 1248 1950 commemoratum

99 2076 101 2079 ι
149 1996 296 2077 legimus:
321 1993 504 2079 Σοβαριτίδες
527 1994 655 2078 εὐωχίαι,
680 2002 712 2058 et
734 2016 784 2078 ap.
808 1995 925 2058 Zenob.
944 1995 983 2076 V,
1000 1991 1055 2060 87:
1078 1991 1247 2077 Συβαριτικὴ

149 2106 295 2189 τράπεζαι
329 2104 390 2166 ἀντὶ
412 2107 462 2165 τοῦ
486 2103 515 2165 ἐν
538 2102 723 2186 πολυτελείᾳ,
746 2111 779 2167 et
805 2124 855 2186 ap.
877 2103 972 2186 Diog.
996 2103 1020 2184 I,
1053 2101 1073 2163 2
1108 2100 1248 2187 Συβαριτι-

149 2213 200 2281 κὸς
223 2212 293 2299 βίος.

252 2321 453 2386 Cretensium
465 2322 588 2384 animus
603 2320 822 2385 fraudulentus
838 2321 1016 2386 etdolosus
1028 2321 1095 2403 jam
1110 2320 1247 2386 Homero

150 2440 243 2495 notus
256 2436 332 2509 erat,
356 2430 447 2513 eujus
470 2431 565 2494 etiam
586 2431 617 2492 in
631 2430 768 2515 epistola
790 2431 924 2495 aPaulo
947 2430 987 2493 ad
1003 2430 1109 2495 Titum
1131 2432 1248 2514 scripta

149 2541 173 2621 Ι,
198 2539 250 2621 12,
279 2539 396 2603 mentio
418 2538 468 2620 fit3
498 2533 611 2620 Κρῆτες
641 2538 686 2600 ἀεὶ
713 2539 843 2623 deuocat,
878 2537 953 2600 κακὰ
979 2537 1081 2621 θηρία,
1114 2538 1248 2621 γαστέρες

151 2647 245 2733 ἀργαί.
289 2647 388 2724 Quam
412 2648 453 2711 ob
478 2667 608 2711 causam
631 2650 729 2711 verbo
753 2647 892 2731 κρητίζειν
926 2648 975 2710 vis
1003 2647 1177 2713 mentiendi
1198 2646 1247 2710 sal·

150 2758 301 2840 lendiquc
334 2757 480 2841 subjecta
503 2765 560 2836 ost,
588 2764 623 2820 ut
644 2778 695 2841 ap.
718 2758 832 2822 Athen.
858 2755 966 2838 11‚371
990 2766 1023 2822 et
1043 2756 1127 2822 Plut.
1162 2759 1244 2821 Aem.

149 2866 191 2929 23
215 2875 247 2931 et
268 2865 342 2947 Lys.
363 2864 414 2929 20.
649 2871 651 2876 '

250 2974 330 3038 Item
352 2974 518 3037 fraudibus
541 2973 801 3057 facinoribusque
824 2972 1138 3058 Acgyptiiinsamati
1153 2979 1247 3054 erant,

152 3083 251 3147 veluti
280 3103 333 3165 ap.
356 3082 490 3148 Theocr.
515 3083 618 3146 Adon.
646 3080 703 3145 47:
738 3081 832 3150 οὐδεὶς
858 3086 1014 3165 κακουργὺς
1043 3085 1173 3146 δαλεῖται
1203 3082 1249 3145 τὸν

151 3189 231 3253 ἰόντα
254 3189 410 3274 παρέρπων
438 3190 622 3274 Αἰγυπτιστί,
657 3201 689 3256 et
710 3212 761 3273 ap.
786 3192 879 3273 Diog.
906 3192 967 3271 IV,
1001 3190 1040 3255 37
1069 3202 1101 3257 et
1132 3193 1248 3257 Zenob.

151 3301 208 3383 ΙΙΙ,
233 3299 289 3367 37:
322 3297 406 3361 δεινοὶ
428 3296 544 3361 πλέκειν
568 3323 611 3362 τοι
638 3299 771 3384 μηχανὰς
795 3298 955 3382 Αἰγύπτιοι,
988 3321 1069 3382 quae
1090 3303 1189 3367 Verba
1210 3301 1250 3364 ab

150 3409 312 3493 Aeschylo
336 3408 423 3472 dicta
446 3428 525 3489 esse,
548 3407 648 3473 refert
676 3408 869 3474 scholiastes
903 3409 944 3477 ad
972 3411 1044 3473 nub.
1070 3407 1163 3492 1130,
1197 3409 1252 3491 qui

151 3519 235 3583 idem
271 3517 462 3599 αἰρυπτιοίζειν
491 3537 551 3602 per
576 3516 613 3578 τὰ
636 3517 750 3578 ὕπουλα
782 3519 913 3601 πράττειν
946 3518 1096 3602 explicat.
1152 3519 1256 3584 Poeta

152 3635 261 3693 noster
291 3627 481 3691 mentionem
503 3627 734 3712 Aegyptiorum
758 3636 879 3692 tantum
899 3628 932 3691 in
959 3648 1026 3692 ran.
1057 3626 1139 3691 1405
1165 3627 1255 3707 facit,

152 3757 212 3801 nec
238 3744 342 3801 tamen
367 3735 497 3803 dolosus
520 3755 575 3800 eos
598 3744 702 3800 vocat.

253 3845 372 3909 Eodem
407 3844 544 3925 denique
576 3846 654 3910 vitio
688 3844 857 3908 fraudandi
883 3852 916 3909 et
947 3845 1087 3927 Argivos
1121 3845 1257 3910 affectos

153 3954 267 4035 luisse,
305 3953 528 4036 cognoscimus
563 3973 602 4017 ex
629 3942 735 4038 irgmt.
771 3952 844 4034 153,
882 3954 936 4017 ubi
969 3974 1009 4018 ex
1042 3953 1141 4018 Suida
1172 3954 1255 4018 haec

151 4071 303 4148 prompta
322 4063 485 4145 leguntur:
505 4058 634 4144 Ἀργεῖοι
656 4069 768 4146 ρῶρες·
792 4061 837 4125 ἐπὶ
859 4065 915 4124 τῶν
931 4063 1091 4146 προδήλως
1102 4068 1254 4146 πονηρῶν·

153 4172 179 4233 οἱ
200 4170 256 4254 γὰρ
276 4167 404 4255 Ἀργεῖοι
425 4170 470 4233 ἐπὶ
492 4172 590 4254 κλοπῇ
612 4171 829 4254 κωμῳδοῦνται.
845 4167 893 4232 Ἀ.
928 4170 1092 4257 Ἀναγύρῳ.
1130 4173 1254 4240 Similia

153 4281 326 4346 memoriae
361 4280 573 4362 prodiderunt
608 4265 753 4344 Ilustath.
792 4281 833 4344 ad
872 4281 966 4344 Hom.
994 4280 1088 4348 Iliad.
1115 4282 1140 4366 β,
1175 4279 1250 4344 559:

153 4390 304 4475 παροιμία·
337 4384 457 4473 ’,Αργεία
489 4389 576 4474 φοραί.
611 4389 651 4454 cf.
679 4389 774 4472 Diog.
801 4390 846 4470 ΙΙ,
869 4388 910 4451 79
939 4396 972 4454 et
1000 4392 1085 4474 App.
1109 4391 1170 4470 III,
1201 4389 1248 4453 35.
