<?xml version="1.0" encoding="UTF-8"?>
<!DOCTYPE html PUBLIC "-//W3C//DTD XHTML 1.0 Transitional//EN"
    "http://www.w3.org/TR/xhtml1/DTD/xhtml1-transitional.dtd">
<html xmlns="http://www.w3.org/1999/xhtml" xml:lang="en" lang="en">
 <head>
  <title>
</title>
<meta http-equiv="Content-Type" content="text/html;charset=utf-8" />
  <meta name='ocr-system' content='tesseract 3.04.00' />
  <meta name='ocr-capabilities' content='ocr_page ocr_carea ocr_par ocr_line ocrx_word'/>
</head>
<body>
  <div class='ocr_page' id='page_1' title='image "./deproverbiisali00baucgoog_0062.png"; bbox 0 0 2866 5176; ppageno 0'>
   <div class='ocr_carea' id='block_1_1' title="bbox 610 503 652 565">
    <p class='ocr_par' dir='ltr' id='par_1_1' title="bbox 610 503 652 565">
     <span class='ocr_line' id='line_1_1' title="bbox 610 503 652 565; baseline 0 0"><span class='ocrx_word' id='word_1_1' title='bbox 610 503 652 565; x_wconf 69' lang='lat'><strong>53</strong></span> 
     </span>
    </p>
   </div>
   <div class='ocr_carea' id='block_1_2' title="bbox 82 702 1181 1445">
    <p class='ocr_par' dir='ltr' id='par_1_2' title="bbox 82 702 1181 1006">
     <span class='ocr_line' id='line_1_2' title="bbox 83 702 1181 789; baseline 0.005 -24"><span class='ocrx_word' id='word_1_2' title='bbox 83 702 157 785; x_wconf 85' lang='lat' dir='ltr'><strong>quis</strong></span> <span class='ocrx_word' id='word_1_3' title='bbox 181 702 298 767; x_wconf 88' lang='lat' dir='ltr'><strong>diutius</strong></span> <span class='ocrx_word' id='word_1_4' title='bbox 320 704 353 767; x_wconf 90' lang='lat' dir='ltr'><strong>in</strong></span> <span class='ocrx_word' id='word_1_5' title='bbox 375 704 523 768; x_wconf 86' lang='lat' dir='ltr'><strong>convivio</strong></span> <span class='ocrx_word' id='word_1_6' title='bbox 546 707 735 770; x_wconf 86' lang='lat' dir='ltr'><strong>commorari</strong></span> <span class='ocrx_word' id='word_1_7' title='bbox 757 702 952 789; x_wconf 84' lang='lat' dir='ltr'><strong>videretur“;</strong></span> <span class='ocrx_word' id='word_1_8' title='bbox 975 726 1076 788; x_wconf 89' lang='lat' dir='ltr'><strong>neque</strong></span> <span class='ocrx_word' id='word_1_9' title='bbox 1098 702 1181 771; x_wconf 85' lang='lat' dir='ltr'><strong>enim</strong></span> 
     </span>
     <span class='ocr_line' id='line_1_3' title="bbox 84 811 1180 898; baseline 0.005 -24"><span class='ocrx_word' id='word_1_10' title='bbox 84 811 197 876; x_wconf 89' lang='lat' dir='ltr'><strong>dehis</strong></span> <span class='ocrx_word' id='word_1_11' title='bbox 219 819 338 876; x_wconf 88' lang='lat' dir='ltr'><strong>tantum</strong></span> <span class='ocrx_word' id='word_1_12' title='bbox 362 813 539 894; x_wconf 82' lang='lat' dir='ltr'>dicebatur,</span> <span class='ocrx_word' id='word_1_13' title='bbox 573 814 629 878; x_wconf 92' lang='lat' dir='ltr'><strong>sed</strong></span> <span class='ocrx_word' id='word_1_14' title='bbox 652 816 778 879; x_wconf 89' lang='lat' dir='ltr'><strong>omnino</strong></span> <span class='ocrx_word' id='word_1_15' title='bbox 807 815 847 879; x_wconf 90' lang='lat' dir='ltr'><strong>de</strong></span> <span class='ocrx_word' id='word_1_16' title='bbox 870 816 916 879; x_wconf 92' lang='lat' dir='ltr'><strong>eis</strong></span> <span class='ocrx_word' id='word_1_17' title='bbox 940 815 993 898; x_wconf 91' lang='lat' dir='ltr'><strong>qui</strong></span> <span class='ocrx_word' id='word_1_18' title='bbox 1015 817 1047 878; x_wconf 90' lang='lat' dir='ltr'><strong>in</strong></span> <span class='ocrx_word' id='word_1_19' title='bbox 1071 816 1180 898; x_wconf 84' lang='lat' dir='ltr'><strong>aliqua.</strong></span> 
     </span>
     <span class='ocr_line' id='line_1_4' title="bbox 82 921 752 1006; baseline 0.006 -24"><span class='ocrx_word' id='word_1_20' title='bbox 82 940 121 985; x_wconf 89' lang='lat' dir='ltr'><strong>rc</strong></span> <span class='ocrx_word' id='word_1_21' title='bbox 141 921 339 1006; x_wconf 86' lang='lat' dir='ltr'><strong>perficienda</strong></span> <span class='ocrx_word' id='word_1_22' title='bbox 361 922 480 985; x_wconf 88' lang='lat' dir='ltr'><strong>diutins</strong></span> <span class='ocrx_word' id='word_1_23' title='bbox 498 931 704 988; x_wconf 81' lang='lat' dir='ltr'><strong>morarentur.</strong></span> <span class='ocrx_word' id='word_1_24' title='bbox 751 964 752 967; x_wconf 58' lang='lat'><em>=</em></span> 
     </span>
    </p>

    <p class='ocr_par' dir='ltr' id='par_1_3' title="bbox 82 1026 1181 1445">
     <span class='ocr_line' id='line_1_5' title="bbox 184 1026 1181 1117; baseline 0.005 -24"><span class='ocrx_word' id='word_1_25' title='bbox 184 1030 281 1094; x_wconf 89' lang='lat' dir='ltr'><strong>Acies</strong></span> <span class='ocrx_word' id='word_1_26' title='bbox 303 1032 465 1095; x_wconf 90' lang='lat' dir='ltr'><strong>oculorum</strong></span> <span class='ocrx_word' id='word_1_27' title='bbox 487 1033 616 1115; x_wconf 86' lang='lat' dir='ltr'><strong>Lyncei,</strong></span> <span class='ocrx_word' id='word_1_28' title='bbox 637 1026 906 1117; x_wconf 75' lang='lat' dir='ltr'><strong>quieirpeditioni</strong></span> <span class='ocrx_word' id='word_1_29' title='bbox 926 1035 1181 1113; x_wconf 80' lang='lat' dir='ltr'><strong>Argonautarum</strong></span> 
     </span>
     <span class='ocr_line' id='line_1_6' title="bbox 82 1138 1179 1225; baseline 0.007 -25"><span class='ocrx_word' id='word_1_30' title='bbox 82 1138 244 1220; x_wconf 80' lang='lat' dir='ltr'><strong>intererat,</strong></span> <span class='ocrx_word' id='word_1_31' title='bbox 267 1147 356 1205; x_wconf 85' lang='lat' dir='ltr'><strong>tanta</strong></span> <span class='ocrx_word' id='word_1_32' title='bbox 378 1148 459 1222; x_wconf 84' lang='lat' dir='ltr'><strong>erat,</strong></span> <span class='ocrx_word' id='word_1_33' title='bbox 495 1149 530 1206; x_wconf 87' lang='lat' dir='ltr'><strong>ut</strong></span> <span class='ocrx_word' id='word_1_34' title='bbox 554 1143 718 1225; x_wconf 87' lang='lat' dir='ltr'><strong>proverbii</strong></span> <span class='ocrx_word' id='word_1_35' title='bbox 744 1143 847 1206; x_wconf 90' lang='lat' dir='ltr'><strong>locum</strong></span> <span class='ocrx_word' id='word_1_36' title='bbox 870 1143 990 1206; x_wconf 88' lang='lat' dir='ltr'><strong>locutio</strong></span> <span class='ocrx_word' id='word_1_37' title='bbox 1013 1144 1179 1225; x_wconf 88' lang='lat' dir='ltr'><strong>obtineret,</strong></span> 
     </span>
     <span class='ocr_line' id='line_1_7' title="bbox 84 1236 1181 1336; baseline 0.007 -26"><span class='ocrx_word' id='word_1_38' title='bbox 84 1266 167 1330; x_wconf 83' lang='lat' dir='ltr'><strong>quae</strong></span> <span class='ocrx_word' id='word_1_39' title='bbox 190 1255 239 1313; x_wconf 88' lang='lat' dir='ltr'><strong>est</strong></span> <span class='ocrx_word' id='word_1_40' title='bbox 261 1248 406 1334; x_wconf 80' lang='grc' dir='ltr'>βλέπειν</span> <span class='ocrx_word' id='word_1_41' title='bbox 441 1250 609 1333; x_wconf 79' lang='grc' dir='ltr'>ὀξύτερον</span> <span class='ocrx_word' id='word_1_42' title='bbox 642 1236 908 1334; x_wconf 75' lang='grc' dir='ltr'>τοῦλυγκέως.</span> <span class='ocrx_word' id='word_1_43' title='bbox 958 1252 1120 1336; x_wconf 87' lang='lat' dir='ltr'><strong>Persaepe</strong></span> <span class='ocrx_word' id='word_1_44' title='bbox 1142 1273 1181 1318; x_wconf 87' lang='lat' dir='ltr'><strong>ea</strong></span> 
     </span>
     <span class='ocr_line' id='line_1_8' title="bbox 82 1355 1180 1445; baseline 0.006 -27"><span class='ocrx_word' id='word_1_45' title='bbox 82 1355 225 1422; x_wconf 91' lang='lat' dir='ltr'><strong>occurrit</strong></span> <span class='ocrx_word' id='word_1_46' title='bbox 246 1367 279 1424; x_wconf 87' lang='lat' dir='ltr'><strong>et</strong></span> <span class='ocrx_word' id='word_1_47' title='bbox 298 1359 383 1443; x_wconf 88' lang='lat' dir='ltr'><strong>apud</strong></span> <span class='ocrx_word' id='word_1_48' title='bbox 396 1359 539 1424; x_wconf 84' lang='lat' dir='ltr'><strong>Graecos</strong></span> <span class='ocrx_word' id='word_1_49' title='bbox 563 1367 595 1425; x_wconf 91' lang='lat' dir='ltr'><strong>et</strong></span> <span class='ocrx_word' id='word_1_50' title='bbox 616 1361 701 1445; x_wconf 84' lang='lat' dir='ltr'><strong>apud</strong></span> <span class='ocrx_word' id='word_1_51' title='bbox 724 1362 857 1426; x_wconf 88' lang='lat' dir='ltr'><strong>Latinos</strong></span> <span class='ocrx_word' id='word_1_52' title='bbox 881 1361 1066 1444; x_wconf 89' lang='lat' dir='ltr'><strong>scriptores.</strong></span> <span class='ocrx_word' id='word_1_53' title='bbox 1112 1363 1180 1425; x_wconf 89' lang='lat' dir='ltr'><strong>Ari·</strong></span> 
     </span>
    </p>
   </div>
   <div class='ocr_carea' id='block_1_3' title="bbox 82 1467 1300 1553">
    <p class='ocr_par' dir='ltr' id='par_1_4' title="bbox 82 1467 1300 1553">
     <span class='ocr_line' id='line_1_9' title="bbox 82 1467 1300 1553; baseline 0.006 -24"><span class='ocrx_word' id='word_1_54' title='bbox 82 1467 255 1549; x_wconf 86' lang='lat' dir='ltr'><strong>stophanes</strong></span> <span class='ocrx_word' id='word_1_55' title='bbox 279 1471 447 1551; x_wconf 83' lang='lat' dir='ltr'><strong>usurpavit</strong></span> <span class='ocrx_word' id='word_1_56' title='bbox 469 1489 537 1533; x_wconf 87' lang='lat' dir='ltr'><strong>eam</strong></span> <span class='ocrx_word' id='word_1_57' title='bbox 559 1470 592 1532; x_wconf 91' lang='lat' dir='ltr'><strong>in</strong></span> <span class='ocrx_word' id='word_1_58' title='bbox 615 1469 692 1553; x_wconf 91' lang='lat' dir='ltr'><strong>plut.</strong></span> <span class='ocrx_word' id='word_1_59' title='bbox 715 1469 785 1550; x_wconf 78' lang='lat'><strong>210,</strong></span> <span class='ocrx_word' id='word_1_60' title='bbox 800 1473 853 1534; x_wconf 89' lang='lat' dir='ltr'><strong>ubi</strong></span> <span class='ocrx_word' id='word_1_61' title='bbox 877 1469 1062 1552; x_wconf 82' lang='lat' dir='ltr'><strong>Chremylus</strong></span> <span class='ocrx_word' id='word_1_62' title='bbox 1085 1470 1179 1535; x_wconf 89' lang='lat' dir='ltr'><strong>Pluto</strong></span> <span class='ocrx_word' id='word_1_63' title='bbox 1297 1520 1300 1525; x_wconf 82' lang='lat'><em>-</em></span> 
     </span>
    </p>
   </div>
   <div class='ocr_carea' id='block_1_4' title="bbox 70 1576 1203 2424">
    <p class='ocr_par' dir='ltr' id='par_1_5' title="bbox 70 1576 1203 2424">
     <span class='ocr_line' id='line_1_10' title="bbox 70 1576 1179 1666; baseline 0.005 -28"><span class='ocrx_word' id='word_1_64' title='bbox 70 1595 181 1666; x_wconf 8' lang='lat' dir='ltr'><strong>*caeco</strong></span> <span class='ocrx_word' id='word_1_65' title='bbox 204 1576 383 1660; x_wconf 91' lang='lat' dir='ltr'><strong>pollicetur,</strong></span> <span class='ocrx_word' id='word_1_66' title='bbox 406 1597 441 1642; x_wconf 91' lang='lat' dir='ltr'><strong>se</strong></span> <span class='ocrx_word' id='word_1_67' title='bbox 464 1599 483 1641; x_wconf 89' lang='lat' dir='ltr'><strong>a</strong></span> <span class='ocrx_word' id='word_1_68' title='bbox 505 1579 849 1644; x_wconf 86' lang='lat' dir='ltr'><strong>caecitateoculornm</strong></span> <span class='ocrx_word' id='word_1_69' title='bbox 870 1579 957 1642; x_wconf 90' lang='lat' dir='ltr'><strong>illum</strong></span> <span class='ocrx_word' id='word_1_70' title='bbox 972 1578 1179 1643; x_wconf 86' lang='lat' dir='ltr'><strong>liberaturum</strong></span> 
     </span>
     <span class='ocr_line' id='line_1_11' title="bbox 81 1686 1179 1772; baseline 0.003 -23"><span class='ocrx_word' id='word_1_71' title='bbox 81 1704 161 1764; x_wconf 88' lang='lat' dir='ltr'><strong>esse,</strong></span> <span class='ocrx_word' id='word_1_72' title='bbox 183 1686 229 1748; x_wconf 87' lang='lat' dir='ltr'><strong>ita</strong></span> <span class='ocrx_word' id='word_1_73' title='bbox 251 1693 285 1750; x_wconf 87' lang='lat' dir='ltr'><strong>ut</strong></span> <span class='ocrx_word' id='word_1_74' title='bbox 307 1687 411 1750; x_wconf 87' lang='lat' dir='ltr'><strong>acrius</strong></span> <span class='ocrx_word' id='word_1_75' title='bbox 434 1688 559 1750; x_wconf 85' lang='lat' dir='ltr'><strong>visurus</strong></span> <span class='ocrx_word' id='word_1_76' title='bbox 580 1687 622 1752; x_wconf 87' lang='lat' dir='ltr'><strong>sit</strong></span> <span class='ocrx_word' id='word_1_77' title='bbox 642 1709 735 1771; x_wconf 89' lang='lat' dir='ltr'><strong>quam</strong></span> <span class='ocrx_word' id='word_1_78' title='bbox 758 1689 914 1772; x_wconf 81' lang='lat' dir='ltr'><strong>Lynceus.</strong></span> <span class='ocrx_word' id='word_1_79' title='bbox 959 1687 1109 1752; x_wconf 78' lang='lat' dir='ltr'><strong>Occurrit</strong></span> <span class='ocrx_word' id='word_1_80' title='bbox 1130 1708 1179 1752; x_wconf 88' lang='lat' dir='ltr'><strong>ea·</strong></span> 
     </span>
     <span class='ocr_line' id='line_1_12' title="bbox 82 1793 1178 1880; baseline 0.004 -24"><span class='ocrx_word' id='word_1_81' title='bbox 82 1793 153 1857; x_wconf 90' lang='lat' dir='ltr'><strong>dem</strong></span> <span class='ocrx_word' id='word_1_82' title='bbox 186 1793 306 1860; x_wconf 85' lang='lat' dir='ltr'><strong>locutio</strong></span> <span class='ocrx_word' id='word_1_83' title='bbox 322 1838 323 1841; x_wconf 21' lang='grc' dir='ltr'>ι</span> <span class='ocrx_word' id='word_1_84' title='bbox 339 1803 372 1860; x_wconf 87' lang='lat' dir='ltr'><strong>et</strong></span> <span class='ocrx_word' id='word_1_85' title='bbox 401 1797 433 1858; x_wconf 90' lang='lat' dir='ltr'><strong>in</strong></span> <span class='ocrx_word' id='word_1_86' title='bbox 465 1796 569 1875; x_wconf 76' lang='lat' dir='ltr'><strong>frgmt.</strong></span> <span class='ocrx_word' id='word_1_87' title='bbox 592 1795 663 1861; x_wconf 75' lang='lat'><strong>258.</strong></span> <span class='ocrx_word' id='word_1_88' title='bbox 717 1799 828 1862; x_wconf 90' lang='lat' dir='ltr'><strong>Aciem</strong></span> <span class='ocrx_word' id='word_1_89' title='bbox 862 1797 1024 1860; x_wconf 91' lang='lat' dir='ltr'><strong>oculorum</strong></span> <span class='ocrx_word' id='word_1_90' title='bbox 1055 1796 1178 1880; x_wconf 75' lang='lat' dir='ltr'><strong>‘Lyncei</strong></span> 
     </span>
     <span class='ocr_line' id='line_1_13' title="bbox 81 1902 1178 1988; baseline 0.004 -23"><span class='ocrx_word' id='word_1_91' title='bbox 81 1902 213 1986; x_wconf 88' lang='lat' dir='ltr'><strong>pulchre</strong></span> <span class='ocrx_word' id='word_1_92' title='bbox 236 1904 374 1968; x_wconf 87' lang='lat' dir='ltr'><strong>illustrat</strong></span> <span class='ocrx_word' id='word_1_93' title='bbox 399 1904 516 1987; x_wconf 85' lang='lat' dir='ltr'><strong>fabula,</strong></span> <span class='ocrx_word' id='word_1_94' title='bbox 536 1925 628 1987; x_wconf 87' lang='lat' dir='ltr'><strong>quem</strong></span> <span class='ocrx_word' id='word_1_95' title='bbox 651 1907 841 1970; x_wconf 85' lang='lat' dir='ltr'><strong>scholiastes</strong></span> <span class='ocrx_word' id='word_1_96' title='bbox 864 1906 904 1969; x_wconf 89' lang='lat' dir='ltr'><strong>ad</strong></span> <span class='ocrx_word' id='word_1_97' title='bbox 926 1905 1004 1988; x_wconf 91' lang='lat' dir='ltr'><strong>plut.</strong></span> <span class='ocrx_word' id='word_1_98' title='bbox 1027 1904 1089 1966; x_wconf 81' lang='lat'><strong>210</strong></span> <span class='ocrx_word' id='word_1_99' title='bbox 1111 1927 1178 1969; x_wconf 89' lang='lat' dir='ltr'><strong>nar·</strong></span> 
     </span>
     <span class='ocr_line' id='line_1_14' title="bbox 81 2011 1181 2098; baseline 0.002 -24"><span class='ocrx_word' id='word_1_100' title='bbox 81 2018 147 2078; x_wconf 80' lang='lat' dir='ltr'><strong>rut:</strong></span> <span class='ocrx_word' id='word_1_101' title='bbox 170 2015 307 2074; x_wconf 82' lang='grc' dir='ltr'>τοσοῦτον</span> <span class='ocrx_word' id='word_1_102' title='bbox 330 2013 363 2076; x_wconf 78' lang='grc' dir='ltr'><strong>δὲ</strong></span> <span class='ocrx_word' id='word_1_103' title='bbox 386 2013 605 2082; x_wconf 72' lang='grc' dir='ltr'>ὀξυωπέστατος</span> <span class='ocrx_word' id='word_1_104' title='bbox 628 2013 672 2098; x_wconf 78' lang='grc' dir='ltr'><strong>ἦν,</strong></span> <span class='ocrx_word' id='word_1_105' title='bbox 696 2017 737 2082; x_wconf 80' lang='grc' dir='ltr'><strong>ὡς</strong></span> <span class='ocrx_word' id='word_1_106' title='bbox 764 2015 810 2076; x_wconf 80' lang='grc' dir='ltr'><strong>καὶ</strong></span> <span class='ocrx_word' id='word_1_107' title='bbox 833 2014 997 2096; x_wconf 15' lang='grc' dir='ltr'>δι’μέλοὶτης</span> <span class='ocrx_word' id='word_1_108' title='bbox 1019 2013 1086 2076; x_wconf 81' lang='grc' dir='ltr'><strong>ἰδεῖν</strong></span> <span class='ocrx_word' id='word_1_109' title='bbox 1101 2011 1181 2076; x_wconf 53' lang='lat' dir='ltr'><strong>Kaio*</strong></span> 
     </span>
     <span class='ocr_line' id='line_1_15' title="bbox 80 2104 1177 2206; baseline 0.005 -25"><span class='ocrx_word' id='word_1_110' title='bbox 80 2143 151 2204; x_wconf 85' lang='grc' dir='ltr'>τορα</span> <span class='ocrx_word' id='word_1_111' title='bbox 173 2121 414 2205; x_wconf 77' lang='grc' dir='ltr'>δολοφονήσαντα</span> <span class='ocrx_word' id='word_1_112' title='bbox 435 2127 483 2184; x_wconf 72' lang='grc' dir='ltr'><strong>τὸν</strong></span> <span class='ocrx_word' id='word_1_113' title='bbox 506 2120 643 2206; x_wconf 79' lang='grc' dir='ltr'>ἀδελφόν.</span> <span class='ocrx_word' id='word_1_114' title='bbox 677 2104 818 2190; x_wconf 42' lang='lat' dir='ltr'><strong>Eandem</strong></span> <span class='ocrx_word' id='word_1_115' title='bbox 833 2125 1025 2188; x_wconf 83' lang='lat' dir='ltr'><strong>locutionem</strong></span> <span class='ocrx_word' id='word_1_116' title='bbox 1037 2130 1177 2187; x_wconf 80' lang='lat' dir='ltr'><strong>notatam</strong></span> 
     </span>
     <span class='ocr_line' id='line_1_16' title="bbox 79 2230 1175 2316; baseline 0.005 -24"><span class='ocrx_word' id='word_1_117' title='bbox 79 2230 214 2312; x_wconf 82' lang='lat' dir='ltr'><strong>legimus</strong></span> <span class='ocrx_word' id='word_1_118' title='bbox 234 2231 268 2292; x_wconf 89' lang='lat' dir='ltr'><strong>in</strong></span> <span class='ocrx_word' id='word_1_119' title='bbox 289 2233 372 2315; x_wconf 86' lang='lat' dir='ltr'><strong>App.</strong></span> <span class='ocrx_word' id='word_1_120' title='bbox 397 2234 465 2315; x_wconf 87' lang='lat' dir='ltr'><strong>prb.</strong></span> <span class='ocrx_word' id='word_1_121' title='bbox 488 2232 544 2313; x_wconf 86' lang='lat' dir='ltr'><strong>IV,</strong></span> <span class='ocrx_word' id='word_1_122' title='bbox 572 2230 621 2295; x_wconf 84' lang='lat'><strong>30.</strong></span> <span class='ocrx_word' id='word_1_123' title='bbox 645 2254 695 2316; x_wconf 90' lang='lat' dir='ltr'><strong>ap.</strong></span> <span class='ocrx_word' id='word_1_124' title='bbox 718 2235 801 2298; x_wconf 86' lang='lat' dir='ltr'><strong>Mac.</strong></span> <span class='ocrx_word' id='word_1_125' title='bbox 824 2234 886 2313; x_wconf 89' lang='lat' dir='ltr'><strong>VI,</strong></span> <span class='ocrx_word' id='word_1_126' title='bbox 908 2232 958 2295; x_wconf 80' lang='lat'><strong>41.</strong></span> <span class='ocrx_word' id='word_1_127' title='bbox 983 2233 1015 2295; x_wconf 91' lang='lat' dir='ltr'><strong>in</strong></span> <span class='ocrx_word' id='word_1_128' title='bbox 1037 2233 1175 2298; x_wconf 85' lang='lat' dir='ltr'><strong>Meinek.</strong></span> 
     </span>
     <span class='ocr_line' id='line_1_17' title="bbox 80 2337 1203 2424; baseline 0.003 -24"><span class='ocrx_word' id='word_1_129' title='bbox 80 2337 187 2424; x_wconf 84' lang='lat' dir='ltr'><strong>frgmt.</strong></span> <span class='ocrx_word' id='word_1_130' title='bbox 211 2359 289 2403; x_wconf 89' lang='lat' dir='ltr'><strong>eom.</strong></span> <span class='ocrx_word' id='word_1_131' title='bbox 311 2340 351 2421; x_wconf 89' lang='lat' dir='ltr'><strong>II,</strong></span> <span class='ocrx_word' id='word_1_132' title='bbox 377 2338 466 2405; x_wconf 75' lang='lat'><strong>1048.</strong></span> <span class='ocrx_word' id='word_1_133' title='bbox 1200 2374 1203 2379; x_wconf 95' lang='lat'>·</span> 
     </span>
    </p>
   </div>
   <div class='ocr_carea' id='block_1_5' title="bbox 121 2606 1136 2713">
    <p class='ocr_par' dir='ltr' id='par_1_6' title="bbox 121 2606 1136 2713">
     <span class='ocr_line' id='line_1_18' title="bbox 121 2606 1136 2713; baseline 0.004 -41"><span class='ocrx_word' id='word_1_134' title='bbox 121 2608 179 2672; x_wconf 88' lang='lat'><strong>111.</strong></span> <span class='ocrx_word' id='word_1_135' title='bbox 205 2606 249 2674; x_wconf 79' lang='lat' dir='ltr'><strong>be</strong></span> <span class='ocrx_word' id='word_1_136' title='bbox 272 2607 501 2713; x_wconf 72' lang='lat' dir='ltr'><strong>locutionibus,</strong></span> <span class='ocrx_word' id='word_1_137' title='bbox 524 2625 608 2693; x_wconf 81' lang='lat' dir='ltr'><strong>uuae</strong></span> <span class='ocrx_word' id='word_1_138' title='bbox 631 2625 652 2674; x_wconf 90' lang='lat' dir='ltr'><strong>a</strong></span> <span class='ocrx_word' id='word_1_139' title='bbox 674 2607 773 2675; x_wconf 84' lang='lat' dir='ltr'><strong>rebus</strong></span> <span class='ocrx_word' id='word_1_140' title='bbox 796 2606 914 2695; x_wconf 81' lang='lat' dir='ltr'><strong>pestis¹</strong></span> <span class='ocrx_word' id='word_1_141' title='bbox 928 2607 1028 2675; x_wconf 84' lang='lat' dir='ltr'><strong>natae</strong></span> <span class='ocrx_word' id='word_1_142' title='bbox 1049 2608 1136 2676; x_wconf 83' lang='lat' dir='ltr'><strong>sunt.</strong></span> 
     </span>
    </p>
   </div>
   <div class='ocr_carea' id='block_1_6' title="bbox 77 2722 1176 3396">
    <p class='ocr_par' dir='ltr' id='par_1_7' title="bbox 77 2722 1176 3396">
     <span class='ocr_line' id='line_1_19' title="bbox 180 2722 1176 2852; baseline 0.001 -21"><span class='ocrx_word' id='word_1_143' title='bbox 180 2769 389 2833; x_wconf 79' lang='lat' dir='ltr'><strong>Athenienses</strong></span> <span class='ocrx_word' id='word_1_144' title='bbox 423 2789 493 2832; x_wconf 89' lang='lat' dir='ltr'><strong>oum</strong></span> <span class='ocrx_word' id='word_1_145' title='bbox 523 2769 608 2834; x_wconf 90' lang='lat' dir='ltr'><strong>bello</strong></span> <span class='ocrx_word' id='word_1_146' title='bbox 640 2722 916 2852; x_wconf 58' lang='lat' dir='ltr'><strong>Peloponnesiaco</strong></span> <span class='ocrx_word' id='word_1_147' title='bbox 949 2768 1073 2832; x_wconf 89' lang='lat' dir='ltr'><strong>incolas</strong></span> <span class='ocrx_word' id='word_1_148' title='bbox 1099 2769 1176 2832; x_wconf 91' lang='lat' dir='ltr'><strong>Meli</strong></span> 
     </span>
     <span class='ocr_line' id='line_1_20' title="bbox 79 2877 1174 2961; baseline 0.003 -23"><span class='ocrx_word' id='word_1_149' title='bbox 79 2877 203 2940; x_wconf 88' lang='lat' dir='ltr'><strong>insulae</strong></span> <span class='ocrx_word' id='word_1_150' title='bbox 225 2879 410 2941; x_wconf 86' lang='lat' dir='ltr'><strong>obsiderent</strong></span> <span class='ocrx_word' id='word_1_151' title='bbox 431 2897 533 2959; x_wconf 91' lang='lat' dir='ltr'><strong>neque</strong></span> <span class='ocrx_word' id='word_1_152' title='bbox 555 2879 640 2943; x_wconf 87' lang='lat' dir='ltr'><strong>ferro</strong></span> <span class='ocrx_word' id='word_1_153' title='bbox 664 2898 780 2961; x_wconf 85' lang='lat' dir='ltr'><strong>cogere</strong></span> <span class='ocrx_word' id='word_1_154' title='bbox 801 2883 946 2960; x_wconf 82' lang='lat' dir='ltr'><strong>possent,</strong></span> <span class='ocrx_word' id='word_1_155' title='bbox 975 2884 1009 2940; x_wconf 92' lang='lat' dir='ltr'><strong>ut</strong></span> <span class='ocrx_word' id='word_1_156' title='bbox 1031 2897 1101 2941; x_wconf 89' lang='lat' dir='ltr'><strong>sese</strong></span> <span class='ocrx_word' id='word_1_157' title='bbox 1124 2877 1174 2941; x_wconf 91' lang='lat' dir='ltr'><strong>de·</strong></span> 
     </span>
     <span class='ocr_line' id='line_1_21' title="bbox 80 2985 1176 3071; baseline 0.002 -23"><span class='ocrx_word' id='word_1_158' title='bbox 80 2985 202 3059; x_wconf 83' lang='lat' dir='ltr'><strong>derebt,</strong></span> <span class='ocrx_word' id='word_1_159' title='bbox 224 2988 308 3050; x_wconf 89' lang='lat' dir='ltr'><strong>omui</strong></span> <span class='ocrx_word' id='word_1_160' title='bbox 332 2994 509 3050; x_wconf 87' lang='lat' dir='ltr'><strong>commeatu</strong></span> <span class='ocrx_word' id='word_1_161' title='bbox 533 2987 764 3071; x_wconf 88' lang='lat' dir='ltr'><strong>prohibuerunt</strong></span> <span class='ocrx_word' id='word_1_162' title='bbox 785 3005 854 3065; x_wconf 89' lang='lat' dir='ltr'><strong>eos,</strong></span> <span class='ocrx_word' id='word_1_163' title='bbox 889 2993 924 3050; x_wconf 94' lang='lat' dir='ltr'><strong>ut</strong></span> <span class='ocrx_word' id='word_1_164' title='bbox 945 2985 1026 3049; x_wconf 84' lang='lat' dir='ltr'><strong>fame</strong></span> <span class='ocrx_word' id='word_1_165' title='bbox 1049 2985 1176 3050; x_wconf 87' lang='lat' dir='ltr'><strong>tandem</strong></span> 
     </span>
     <span class='ocr_line' id='line_1_22' title="bbox 78 3094 1176 3179; baseline 0 -21"><span class='ocrx_word' id='word_1_166' title='bbox 78 3102 333 3176; x_wconf 83' lang='lat' dir='ltr'><strong>assequerentur,</strong></span> <span class='ocrx_word' id='word_1_167' title='bbox 357 3097 440 3179; x_wconf 89' lang='lat' dir='ltr'><strong>quod</strong></span> <span class='ocrx_word' id='word_1_168' title='bbox 463 3096 547 3160; x_wconf 79' lang='lat' dir='ltr'><strong>ferro</strong></span> <span class='ocrx_word' id='word_1_169' title='bbox 568 3117 629 3160; x_wconf 85' lang='lat' dir='ltr'><strong>uon</strong></span> <span class='ocrx_word' id='word_1_170' title='bbox 653 3097 910 3179; x_wconf 85' lang='lat' dir='ltr'><strong>impetraverant.</strong></span> <span class='ocrx_word' id='word_1_171' title='bbox 966 3094 1055 3172; x_wconf 79' lang='lat' dir='ltr'><strong>Quae</strong></span> <span class='ocrx_word' id='word_1_172' title='bbox 1077 3094 1176 3158; x_wconf 89' lang='lat' dir='ltr'><strong>fames</strong></span> 
     </span>
     <span class='ocr_line' id='line_1_23' title="bbox 77 3201 1175 3288; baseline 0.001 -20"><span class='ocrx_word' id='word_1_173' title='bbox 77 3209 170 3268; x_wconf 85' lang='lat' dir='ltr'><strong>tanta</strong></span> <span class='ocrx_word' id='word_1_174' title='bbox 192 3203 259 3284; x_wconf 85' lang='lat' dir='ltr'><strong>fuit,</strong></span> <span class='ocrx_word' id='word_1_175' title='bbox 282 3214 315 3268; x_wconf 92' lang='lat' dir='ltr'><strong>ut</strong></span> <span class='ocrx_word' id='word_1_176' title='bbox 338 3201 418 3286; x_wconf 81' lang='grc' dir='ltr'>λιμός</span> <span class='ocrx_word' id='word_1_177' title='bbox 433 3202 544 3288; x_wconf 79' lang='grc' dir='ltr'>Μήλιος</span> <span class='ocrx_word' id='word_1_178' title='bbox 559 3205 591 3267; x_wconf 92' lang='lat' dir='ltr'><strong>in</strong></span> <span class='ocrx_word' id='word_1_179' title='bbox 607 3205 769 3288; x_wconf 88' lang='lat' dir='ltr'><strong>proverbii</strong></span> <span class='ocrx_word' id='word_1_180' title='bbox 785 3204 1043 3268; x_wconf 87' lang='lat' dir='ltr'><strong>consuetudinem</strong></span> <span class='ocrx_word' id='word_1_181' title='bbox 1059 3205 1175 3285; x_wconf 82' lang='lat' dir='ltr'><strong>abiret,</strong></span> 
     </span>
     <span class='ocr_line' id='line_1_24' title="bbox 78 3310 1176 3396; baseline -0.002 -21"><span class='ocrx_word' id='word_1_182' title='bbox 78 3312 265 3395; x_wconf 86' lang='lat' dir='ltr'><strong>significans</strong></span> <span class='ocrx_word' id='word_1_183' title='bbox 288 3313 400 3377; x_wconf 87' lang='lat' dir='ltr'><strong>famem</strong></span> <span class='ocrx_word' id='word_1_184' title='bbox 422 3315 739 3396; x_wconf 86' lang='lat' dir='ltr'><strong>vehementissimam;</strong></span> <span class='ocrx_word' id='word_1_185' title='bbox 776 3313 875 3378; x_wconf 87' lang='lat' dir='ltr'><strong>veluti</strong></span> <span class='ocrx_word' id='word_1_186' title='bbox 898 3313 929 3375; x_wconf 92' lang='lat' dir='ltr'><strong>in</strong></span> <span class='ocrx_word' id='word_1_187' title='bbox 953 3332 1001 3375; x_wconf 80' lang='lat' dir='ltr'><strong>au.</strong></span> <span class='ocrx_word' id='word_1_188' title='bbox 1028 3310 1086 3373; x_wconf 86' lang='grc'><strong>186</strong></span> <span class='ocrx_word' id='word_1_189' title='bbox 1109 3311 1176 3380; x_wconf 84' lang='grc' dir='ltr'>τοὺς</span> 
     </span>
    </p>
   </div>
   <div class='ocr_carea' id='block_1_7' title="bbox 75 3418 1231 3722">
    <p class='ocr_par' dir='ltr' id='par_1_8' title="bbox 75 3418 1231 3722">
     <span class='ocr_line' id='line_1_25' title="bbox 77 3418 1231 3510; baseline 0 -26"><span class='ocrx_word' id='word_1_190' title='bbox 77 3422 106 3484; x_wconf 84' lang='grc' dir='ltr'><strong>δ’</strong></span> <span class='ocrx_word' id='word_1_191' title='bbox 130 3418 167 3483; x_wconf 80' lang='grc' dir='ltr'><strong>αὖ</strong></span> <span class='ocrx_word' id='word_1_192' title='bbox 188 3421 276 3490; x_wconf 81' lang='grc' dir='ltr'>θεοὺς</span> <span class='ocrx_word' id='word_1_193' title='bbox 298 3423 434 3484; x_wconf 78' lang='grc' dir='ltr'>ἀπολεῖτε</span> <span class='ocrx_word' id='word_1_194' title='bbox 457 3425 544 3506; x_wconf 77' lang='grc' dir='ltr'>λιμῷ</span> <span class='ocrx_word' id='word_1_195' title='bbox 568 3421 705 3505; x_wconf 80' lang='grc' dir='ltr'>Μηλίῳ,</span> <span class='ocrx_word' id='word_1_196' title='bbox 729 3443 810 3506; x_wconf 84' lang='lat' dir='ltr'><strong>quae</strong></span> <span class='ocrx_word' id='word_1_197' title='bbox 834 3424 932 3486; x_wconf 84' lang='lat' dir='ltr'><strong>verba</strong></span> <span class='ocrx_word' id='word_1_198' title='bbox 955 3421 1175 3485; x_wconf 79' lang='lat' dir='ltr'><strong>Peithetaerus</strong></span> <span class='ocrx_word' id='word_1_199' title='bbox 1227 3504 1231 3510; x_wconf 31' lang='grc' dir='ltr'><strong><em>Ι</em></strong></span> 
     </span>
     <span class='ocr_line' id='line_1_26' title="bbox 75 3530 1175 3615; baseline -0.005 -19"><span class='ocrx_word' id='word_1_200' title='bbox 75 3530 121 3596; x_wconf 82' lang='lat' dir='ltr'><strong>ad</strong></span> <span class='ocrx_word' id='word_1_201' title='bbox 133 3552 270 3615; x_wconf 85' lang='lat' dir='ltr'><strong>upupam</strong></span> <span class='ocrx_word' id='word_1_202' title='bbox 283 3552 455 3596; x_wconf 86' lang='lat' dir='ltr'><strong>conversus</strong></span> <span class='ocrx_word' id='word_1_203' title='bbox 479 3532 557 3595; x_wconf 88' lang='lat' dir='ltr'><strong>dicit</strong></span> <span class='ocrx_word' id='word_1_204' title='bbox 582 3533 615 3594; x_wconf 91' lang='lat' dir='ltr'><strong>iu</strong></span> <span class='ocrx_word' id='word_1_205' title='bbox 627 3532 843 3615; x_wconf 89' lang='lat' dir='ltr'><strong>descriptione</strong></span> <span class='ocrx_word' id='word_1_206' title='bbox 870 3531 944 3595; x_wconf 88' lang='lat' dir='ltr'><strong>novi</strong></span> <span class='ocrx_word' id='word_1_207' title='bbox 958 3531 1062 3593; x_wconf 86' lang='lat' dir='ltr'><strong>avium</strong></span> <span class='ocrx_word' id='word_1_208' title='bbox 1083 3531 1175 3612; x_wconf 84' lang='lat' dir='ltr'><strong>regni</strong></span> 
     </span>
     <span class='ocr_line' id='line_1_27' title="bbox 76 3638 1174 3722; baseline -0.001 -19"><span class='ocrx_word' id='word_1_209' title='bbox 76 3641 238 3704; x_wconf 91' lang='lat' dir='ltr'><strong>condendi</strong></span> <span class='ocrx_word' id='word_1_210' title='bbox 260 3649 293 3705; x_wconf 90' lang='lat' dir='ltr'><strong>et</strong></span> <span class='ocrx_word' id='word_1_211' title='bbox 314 3641 500 3703; x_wconf 81' lang='lat' dir='ltr'><strong>affirmandi.</strong></span> <span class='ocrx_word' id='word_1_212' title='bbox 554 3642 603 3704; x_wconf 91' lang='lat' dir='ltr'><strong>De</strong></span> <span class='ocrx_word' id='word_1_213' title='bbox 630 3640 707 3703; x_wconf 87' lang='lat' dir='ltr'><strong>Meli</strong></span> <span class='ocrx_word' id='word_1_214' title='bbox 729 3640 852 3703; x_wconf 89' lang='lat' dir='ltr'><strong>insulae</strong></span> <span class='ocrx_word' id='word_1_215' title='bbox 874 3639 1110 3722; x_wconf 82' lang='lat' dir='ltr'><strong>expugnatione</strong></span> <span class='ocrx_word' id='word_1_216' title='bbox 1134 3638 1174 3702; x_wconf 90' lang='lat' dir='ltr'><strong>cf.</strong></span> 
     </span>
    </p>
   </div>
   <div class='ocr_carea' id='block_1_8' title="bbox 75 3745 1274 3829">
    <p class='ocr_par' dir='ltr' id='par_1_9' title="bbox 75 3745 1274 3829">
     <span class='ocr_line' id='line_1_28' title="bbox 75 3745 1274 3829; baseline -0.003 -18"><span class='ocrx_word' id='word_1_217' title='bbox 75 3748 181 3812; x_wconf 83' lang='lat' dir='ltr'><strong>Thuc.</strong></span> <span class='ocrx_word' id='word_1_218' title='bbox 193 3750 234 3812; x_wconf 90' lang='lat' dir='ltr'><strong>V.</strong></span> <span class='ocrx_word' id='word_1_219' title='bbox 267 3750 317 3814; x_wconf 90' lang='lat' dir='ltr'><strong>De</strong></span> <span class='ocrx_word' id='word_1_220' title='bbox 336 3750 497 3814; x_wconf 91' lang='lat' dir='ltr'><strong>locutione</strong></span> <span class='ocrx_word' id='word_1_221' title='bbox 519 3750 736 3813; x_wconf 89' lang='lat' dir='ltr'><strong>disseruerunt</strong></span> <span class='ocrx_word' id='word_1_222' title='bbox 751 3749 870 3812; x_wconf 86' lang='lat' dir='ltr'><strong>Zenob.</strong></span> <span class='ocrx_word' id='word_1_223' title='bbox 883 3747 963 3828; x_wconf 61' lang='lat' dir='ltr'><strong>tut,</strong></span> <span class='ocrx_word' id='word_1_224' title='bbox 986 3748 1077 3829; x_wconf 84' lang='lat' dir='ltr'><strong>Diog.</strong></span> <span class='ocrx_word' id='word_1_225' title='bbox 1095 3745 1173 3828; x_wconf 68' lang='lat'><strong>52¹4·</strong></span> <span class='ocrx_word' id='word_1_226' title='bbox 1271 3748 1274 3753; x_wconf 86' lang='lat'>&#39;</span> 
     </span>
    </p>
   </div>
   <div class='ocr_carea' id='block_1_9' title="bbox 74 3858 1178 4708">
    <p class='ocr_par' dir='ltr' id='par_1_10' title="bbox 75 3858 705 3943">
     <span class='ocr_line' id='line_1_29' title="bbox 75 3858 705 3943; baseline -0.008 -19"><span class='ocrx_word' id='word_1_227' title='bbox 75 3858 301 3943; x_wconf 80' lang='lat' dir='ltr'><strong>lexicographi</strong></span> <span class='ocrx_word' id='word_1_228' title='bbox 325 3859 440 3923; x_wconf 85' lang='lat' dir='ltr'><strong>Suidas</strong></span> <span class='ocrx_word' id='word_1_229' title='bbox 463 3867 495 3923; x_wconf 89' lang='lat' dir='ltr'><strong>et</strong></span> <span class='ocrx_word' id='word_1_230' title='bbox 515 3858 705 3941; x_wconf 88' lang='lat' dir='ltr'><strong>Hesychius.</strong></span> 
     </span>
    </p>

    <p class='ocr_par' dir='ltr' id='par_1_11' title="bbox 74 3965 1178 4598">
     <span class='ocr_line' id='line_1_30' title="bbox 181 3965 1176 4052; baseline -0.005 -21"><span class='ocrx_word' id='word_1_231' title='bbox 181 3970 231 4031; x_wconf 95' lang='lat' dir='ltr'><strong>Ab</strong></span> <span class='ocrx_word' id='word_1_232' title='bbox 254 3975 435 4052; x_wconf 84' lang='lat' dir='ltr'><strong>expugnato</strong></span> <span class='ocrx_word' id='word_1_233' title='bbox 458 3967 591 4031; x_wconf 85' lang='lat' dir='ltr'><strong>castello</strong></span> <span class='ocrx_word' id='word_1_234' title='bbox 614 3966 713 4050; x_wconf 87' lang='lat' dir='ltr'><strong>Phyle</strong></span> <span class='ocrx_word' id='word_1_235' title='bbox 733 3965 854 4028; x_wconf 90' lang='lat' dir='ltr'><strong>locutio</strong></span> <span class='ocrx_word' id='word_1_236' title='bbox 876 3970 948 4028; x_wconf 84' lang='lat' dir='ltr'><strong>orta</strong></span> <span class='ocrx_word' id='word_1_237' title='bbox 967 3971 1023 4045; x_wconf 87' lang='lat' dir='ltr'><strong>est,</strong></span> <span class='ocrx_word' id='word_1_238' title='bbox 1047 3965 1176 4047; x_wconf 85' lang='lat' dir='ltr'><strong>quaein</strong></span> 
     </span>
     <span class='ocr_line' id='line_1_31' title="bbox 75 4071 1177 4162; baseline -0.005 -24"><span class='ocrx_word' id='word_1_239' title='bbox 75 4075 157 4162; x_wconf 85' lang='lat' dir='ltr'><strong>plut.</strong></span> <span class='ocrx_word' id='word_1_240' title='bbox 183 4074 262 4138; x_wconf 84' lang='grc'>1146</span> <span class='ocrx_word' id='word_1_241' title='bbox 284 4077 415 4157; x_wconf 81' lang='lat' dir='ltr'><strong>legitur:</strong></span> <span class='ocrx_word' id='word_1_242' title='bbox 453 4078 492 4158; x_wconf 81' lang='grc' dir='ltr'><strong>μὴ</strong></span> <span class='ocrx_word' id='word_1_243' title='bbox 515 4075 744 4158; x_wconf 74' lang='grc' dir='ltr'>μνησικακήσῃς,</span> <span class='ocrx_word' id='word_1_244' title='bbox 767 4073 796 4134; x_wconf 81' lang='grc' dir='ltr'><strong>εἰ</strong></span> <span class='ocrx_word' id='word_1_245' title='bbox 820 4072 858 4135; x_wconf 78' lang='grc' dir='ltr'><strong>σὺ</strong></span> <span class='ocrx_word' id='word_1_246' title='bbox 883 4071 1006 4155; x_wconf 81' lang='grc' dir='ltr'>Φύλην</span> <span class='ocrx_word' id='word_1_247' title='bbox 1029 4072 1177 4134; x_wconf 79' lang='grc' dir='ltr'>κατέλα-</span> 
     </span>
     <span class='ocr_line' id='line_1_32' title="bbox 75 4181 1178 4270; baseline -0.001 -24"><span class='ocrx_word' id='word_1_248' title='bbox 75 4185 154 4270; x_wconf 74' lang='grc' dir='ltr'>βες,</span> <span class='ocrx_word' id='word_1_249' title='bbox 178 4183 255 4246; x_wconf 82' lang='grc' dir='ltr'>ἀλλὰ</span> <span class='ocrx_word' id='word_1_250' title='bbox 278 4183 402 4252; x_wconf 70' lang='grc' dir='ltr'>ξύνοικον</span> <span class='ocrx_word' id='word_1_251' title='bbox 426 4184 498 4265; x_wconf 84' lang='grc' dir='ltr'>πρὸς</span> <span class='ocrx_word' id='word_1_252' title='bbox 518 4185 596 4246; x_wconf 74' lang='grc' dir='ltr'>θεῶν</span> <span class='ocrx_word' id='word_1_253' title='bbox 619 4183 742 4251; x_wconf 72' lang='grc' dir='ltr'>δέξασθέ</span> <span class='ocrx_word' id='word_1_254' title='bbox 761 4207 807 4266; x_wconf 82' lang='grc' dir='ltr'><strong>με,</strong></span> <span class='ocrx_word' id='word_1_255' title='bbox 830 4203 911 4265; x_wconf 86' lang='lat' dir='ltr'><strong>quae</strong></span> <span class='ocrx_word' id='word_1_256' title='bbox 937 4184 1035 4246; x_wconf 82' lang='lat' dir='ltr'><strong>verba</strong></span> <span class='ocrx_word' id='word_1_257' title='bbox 1056 4181 1178 4245; x_wconf 82' lang='lat' dir='ltr'><strong>Mercu·</strong></span> 
     </span>
     <span class='ocr_line' id='line_1_33' title="bbox 74 4292 1176 4375; baseline -0.004 -17"><span class='ocrx_word' id='word_1_258' title='bbox 74 4294 147 4358; x_wconf 88' lang='lat' dir='ltr'><strong>rius</strong></span> <span class='ocrx_word' id='word_1_259' title='bbox 169 4292 210 4356; x_wconf 87' lang='lat' dir='ltr'><strong>ad</strong></span> <span class='ocrx_word' id='word_1_260' title='bbox 232 4294 397 4358; x_wconf 86' lang='lat' dir='ltr'><strong>Oarioncm</strong></span> <span class='ocrx_word' id='word_1_261' title='bbox 421 4314 546 4357; x_wconf 89' lang='lat' dir='ltr'><strong>servum</strong></span> <span class='ocrx_word' id='word_1_262' title='bbox 572 4312 743 4357; x_wconf 87' lang='lat' dir='ltr'><strong>conversus</strong></span> <span class='ocrx_word' id='word_1_263' title='bbox 764 4292 912 4375; x_wconf 88' lang='lat' dir='ltr'><strong>loquitur,</strong></span> <span class='ocrx_word' id='word_1_264' title='bbox 936 4292 1039 4354; x_wconf 92' lang='lat' dir='ltr'><strong>cibum</strong></span> <span class='ocrx_word' id='word_1_265' title='bbox 1052 4298 1176 4375; x_wconf 91' lang='lat' dir='ltr'><strong>petens.</strong></span> 
     </span>
     <span class='ocr_line' id='line_1_34' title="bbox 76 4397 1177 4485; baseline -0.005 -21"><span class='ocrx_word' id='word_1_266' title='bbox 76 4401 148 4468; x_wconf 89' lang='lat' dir='ltr'><strong>Ubi</strong></span> <span class='ocrx_word' id='word_1_267' title='bbox 167 4403 269 4467; x_wconf 86' lang='lat' dir='ltr'><strong>schol:</strong></span> <span class='ocrx_word' id='word_1_268' title='bbox 306 4402 366 4463; x_wconf 80' lang='grc' dir='ltr'>ἀντὶ</span> <span class='ocrx_word' id='word_1_269' title='bbox 388 4405 438 4464; x_wconf 81' lang='grc' dir='ltr'><strong>τοῦ</strong></span> <span class='ocrx_word' id='word_1_270' title='bbox 461 4402 487 4464; x_wconf 81' lang='grc' dir='ltr'><strong>εἰ</strong></span> <span class='ocrx_word' id='word_1_271' title='bbox 507 4403 554 4464; x_wconf 80' lang='grc' dir='ltr'><strong>καὶ</strong></span> <span class='ocrx_word' id='word_1_272' title='bbox 576 4401 770 4485; x_wconf 73' lang='grc' dir='ltr'>ἐπλούτησας,</span> <span class='ocrx_word' id='word_1_273' title='bbox 804 4401 843 4483; x_wconf 86' lang='grc' dir='ltr'><strong>μὴ</strong></span> <span class='ocrx_word' id='word_1_274' title='bbox 867 4400 1016 4483; x_wconf 72' lang='grc' dir='ltr'><strong>ἐπαρθῇς,</strong></span> <span class='ocrx_word' id='word_1_275' title='bbox 1040 4400 1080 4483; x_wconf 80' lang='grc' dir='ltr'><strong>μὴ</strong></span> <span class='ocrx_word' id='word_1_276' title='bbox 1103 4397 1177 4481; x_wconf 72' lang='grc' dir='ltr'>μέγα</span> 
     </span>
     <span class='ocr_line' id='line_1_35' title="bbox 75 4512 238 4598; baseline -0.025 0"><span class='ocrx_word' id='word_1_277' title='bbox 75 4512 238 4598; x_wconf 70' lang='lat' dir='ltr'><strong>aona&lt;-</strong></span> 
     </span>
    </p>

    <p class='ocr_par' dir='ltr' id='par_1_12' title="bbox 102 4617 1177 4708">
     <span class='ocr_line' id='line_1_36' title="bbox 102 4617 1177 4708; baseline -0.007 -23"><span class='ocrx_word' id='word_1_278' title='bbox 102 4694 105 4705; x_wconf 94' lang='lat'><strong>.</strong></span> <span class='ocrx_word' id='word_1_279' title='bbox 168 4618 302 4704; x_wconf 33' lang='lat' dir='ltr'><strong>,Quibus</strong></span> <span class='ocrx_word' id='word_1_280' title='bbox 326 4622 433 4688; x_wconf 85' lang='lat' dir='ltr'><strong>verbis</strong></span> <span class='ocrx_word' id='word_1_281' title='bbox 456 4641 537 4708; x_wconf 80' lang='lat' dir='ltr'><strong>quae</strong></span> <span class='ocrx_word' id='word_1_282' title='bbox 559 4640 611 4685; x_wconf 87' lang='lat' dir='ltr'><strong>res</strong></span> <span class='ocrx_word' id='word_1_283' title='bbox 633 4627 724 4704; x_wconf 83' lang='lat' dir='ltr'><strong>gesta</strong></span> <span class='ocrx_word' id='word_1_284' title='bbox 758 4619 939 4702; x_wconf 86' lang='lat' dir='ltr'><strong>significata</strong></span> <span class='ocrx_word' id='word_1_285' title='bbox 954 4669 957 4675; x_wconf 88' lang='lat'><strong>.</strong></span> <span class='ocrx_word' id='word_1_286' title='bbox 972 4619 1028 4692; x_wconf 87' lang='lat' dir='ltr'><strong>sit,</strong></span> <span class='ocrx_word' id='word_1_287' title='bbox 1061 4617 1177 4689; x_wconf 88' lang='lat' dir='ltr'><strong>nemini</strong></span> 
     </span>
    </p>
   </div>
   <div class='ocr_carea' id='block_1_10' title="bbox 0 0 1438 5176">
    <p class='ocr_par' dir='ltr' id='par_1_13' title="bbox 0 0 1438 5176">
     <span class='ocr_line' id='line_1_37' title="bbox 0 0 1438 5176; baseline 0 3"><span class='ocrx_word' id='word_1_288' title='bbox 0 0 1438 5176; x_wconf 95' lang='lat' dir='ltr'><strong> </strong></span> 
     </span>
    </p>
   </div>
  </div>
 </body>
</html>
