2782 5032
690 293 895 391 ’,ἑθ-

245 495 279 559 in
293 515 359 559 ran.
378 493 433 559 93:
456 491 652 580 χελιδόνιον
675 497 841 578 μουσεῖα,
865 495 979 580 quibus
994 497 1102 562 verbis
1112 497 1349 580 Aristophanes

246 605 351 687 poetis
365 605 459 668 molis
482 605 596 669 aetatis
619 624 695 669 suae
712 604 824 686 illudit,
845 611 881 669 ut
903 606 1092 671 scholiastes
1114 606 1226 673 refert:
1249 628 1356 695 παρυι·ν

247 710 296 796 μία
316 696 362 776 ἐπὶ
384 718 440 776 τῶν
462 711 636 796 πολυλάηων
659 712 704 775 καὶ
729 713 869 798 ἐπαχθῶν
890 701 1064 798 ταττομένη·
1088 717 1215 777 τοιοῦτον
1236 714 1294 797 γὰρ
1316 713 1350 777 τὸ

246 824 305 883 τῶν
328 820 487 905 χελιδόνων
509 822 599 906 γένος,
619 822 717 886 πλέον·
737 822 784 894 διὰ
813 825 846 886 τὸ
877 822 953 886 πολὺ
973 827 1026 907 τῆς
1057 819 1138 908 ᾠδῆς
1165 823 1251 886 ἀνιῶν
1281 822 1351 892 τοὺς

247 931 406 999 ἀκούοντας
426 930 446 1013 ἢ
469 930 516 994 duel
538 936 571 995 rh
594 931 683 1016 μέλος
698 933 859 1018 εὐφραῖνον.
894 934 978 998 Voci
999 934 1081 998 cuim
1097 933 1224 1016 χελιδών
1245 933 1279 996 in
1294 953 1350 999 ore

246 1040 334 1122 vulgi
356 1041 549 1122 significatio
571 1041 772 1125 garrulitatis
804 1049 836 1106 et
868 1042 1075 1125 loquacitatis
1097 1042 1216 1123 inerat,
1248 1042 1351 1107 veluti

246 1149 368 1214 inran.
392 1147 470 1212 679:
491 1144 700 1235 Κλεοφῶντος·
722 1149 769 1235 ἐφ’
792 1147 826 1212 οὔ
849 1149 885 1232 δὴ
908 1150 1039 1234 χείλεσιν
1057 1150 1233 1235 ἀμφιλάλοις

452 1393 454 1397 ,
547 1299 638 1362 δεινὸν
658 1299 842 1388 ἐπιβρέμεται

548 1407 660 1494 Θρηκία
682 1409 808 1499 χελιδών

547 1517 593 1581 ἐπὶ
616 1518 761 1605 βάρβαρον
781 1517 903 1602 ἑζομένη
925 1515 1061 1602 πέταλον,

225 1693 301 1758 'ubi
324 1699 421 1777 poeta
444 1693 636 1778 Oleophouti
658 1695 785 1776 irridet,
816 1676 939 1778 dicens,
960 1696 1061 1760 labris
1084 1695 1155 1778 ejus
1177 1694 1350 1760 Thraciam

246 1803 445 1869 hirundinem
478 1803 628 1868 insidere.
671 1804 795 1868 Vocem
826 1805 953 1886 χελιδών
984 1804 1126 1889 explieat
1158 1803 1349 1870 scholiastes

246 1931 305 1995 per
319 1910 499 1977 ἀπαιδευσία.
536 1912 683 1977 Hirundo
705 1913 886 1978 nominatur
910 1914 1060 1995 Thracia,
1083 1913 1168 1995 quod
1184 1911 1349 1998 Oleophon

247 2041 265 2085 ο
286 2027 382 2104 gente
400 2021 540 2085 Thracia
563 2029 654 2085 natus
677 2030 754 2086 erat.
794 2022 935 2086 Eandem
950 2023 1246 2108 interpretationem
1261 2042 1350 2106 prae·

246 2131 301 2195 bet
322 2131 445 2194 Erasm.
467 2152 497 2214 p.
521 2128 583 2191 309
614 2139 682 2210 „est
703 2131 784 2194 haec
807 2131 877 2195 avis
899 2132 1025 2196 minime
1047 2150 1180 2210 canoro,
1209 2131 1267 2196 sed
1289 2152 1348 2196 mo

247 2240 329 2304 leste
352 2239 488 2323 quodam
512 2240 664 2322 stridore;
698 2239 783 2304 unde
811 2239 895 2324 apud
918 2238 1152 2324 Pythagoricos
1174 2239 1348 2322 loquacita-

247 2350 290 2414 tis
312 2348 487 2432 symbolum
509 2367 580 2413 esse
600 2350 728 2430 meruit,
753 2365 823 2413 curn
845 2355 967 2429 vetant,
995 2368 1034 2415 ne
1055 2350 1127 2431 quis
1148 2349 1347 2414 hirundinem

248 2459 307 2521 sub
329 2457 442 2522 eodem
463 2458 583 2522 habeat
603 2459 719 2523 teoto.“

337 2566 454 2631 *Etiam
476 2586 587 2632 vocem
611 2567 730 2649 κρώζειν
753 2569 786 2631 in
807 2565 867 2631 usu
888 2567 1014 2650 vulgari
1036 2567 1144 2640 luisse,
1168 2565 1288 2631 dictam
1310 2565 1347 2630 de

248 2675 436 2760 loquacibus
458 2676 651 2759 hominihus,
683 2677 889 2759 intelligimus
918 2697 958 2741 ex
978 2675 1056 2760 plut.
1079 2673 1142 2737 369
1163 2673 1198 2738 clu
1222 2673 1274 2759 μὲν
1295 2672 1346 2737 old'

249 2782 266 2847 θ
288 2784 416 2868 κρώζεις,
437 2785 491 2849 ubi
514 2785 628 2851 sohel:
662 2785 798 2869 παροιμία
820 2783 945 2847 ἐπὶτῶν
967 2785 1060 2869 μάτην
1080 2784 1280 2870 θρυλούντων,
1309 2785 1346 2852 ὡς

249 2893 278 2957 αἱ
299 2896 431 2977 κορῶναι.
457 2894 497 2959 of.
522 2914 592 2978 equ.
621 2892 710 2961 1020.
736 2892 825 2957 1051.
976 2890 979 2894 ’

307 2999 310 3003 ’
350 3002 495 3078 Locutio,
519 3023 601 3087 quae
622 3004 655 3067 in
677 3024 767 3088 vesp.
784 3002 845 3067 794
865 3004 957 3084 inest,
980 3021 1000 3066 a
1021 3001 1204 3066 scholiastis
1232 3001 1347 3066 omissa

251 3117 309 3177 est.
347 3111 419 3175 Hoc
441 3113 524 3189 enim
541 3111 612 3177 loco
630 3132 731 3188 sermo
747 3119 797 3177 est
818 3111 858 3176 de
873 3111 1032 3193 drachma,
1055 3132 1149 3196 quam
1162 3108 1347 3176 Philoclecn

250 3229 282 3286 et
303 3220 501 3304 Lysistratus
515 3241 581 3305 -pro
604 3222 762 3305 praemio,
791 3220 874 3305 quod
898 3220 1016 3286 Graeci
1042 3217 1278 3303 ὶκκληοιαοτικόν
1298 3239 1348 3284 vo

250 3337 333 3412 eant,
356 3337 559 3416 aeceperunt.
595 3330 694 3408 Quam
708 3332 906 3415 Lysistratus
930 3349 999 3394 oum
1028 3349 1084 3393 sex
1103 3329 1207 3393 obolis
1229 3349 1348 3414 permu-

249 3447 358 3522 tasset,
380 3461 439 3525 pro
455 3441 557 3507 tribus
573 3441 685 3522 obolis,
708 3460 787 3524 quos
801 3439 1001 3505 Philocleoni
1018 3438 1096 3503 dare
1117 3437 1265 3520 debebat,
1283 3445 1349 3504 tres

250 3569 397 3632 squamas
418 3550 519 3635 piscis
542 3550 640 3616 dedit.
684 3548 871 3615 Philocleon
893 3569 964 3613 cum
986 3567 1051 3630 eas,
1074 3567 1115 3613 ne
1137 3547 1296 3631 perderet,
1316 3548 1351 3612 in

249 3679 286 3724 os
308 3659 549 3739 recondidisset,
571 3660 680 3741 sensit,
702 3677 737 3724 se
756 3677 831 3723 esse
853 3658 1022 3742 deceptum
1045 3664 1077 3722 et
1090 3656 1303 3739 Lysistratum
1318 3657 1351 3720 in

247 3769 399 3850 judicium
426 3789 543 3834 vocare
569 3770 653 3850 vult,
686 3787 833 3849 narrans,
866 3766 1078 3850 Lysistratum
1116 3765 1196 3830 haec
1229 3765 1351 3830 dixisse

249 3881 367 3945 verba:
401 3875 639 3962 ἀλεκτρυόνος
672 3877 701 3961 μ’
724 3875 836 3962 ἔραοκε
867 3875 1005 3939 κοιλίαν
1041 3871 1155 3960 ἔχειν·
1183 3871 1258 3960 ταχῖν
1282 3877 1353 3958 γοῦν

249 3987 388 4074 καθέψεις
409 3988 573 4072 τάργύριον,
607 3985 626 4070 ἧ
649 3987 674 4049 δ’
697 3984 729 4053 ὅς
750 3988 853 4068 γελῶν.
909 3974 959 4049 hd
981 3981 1220 4067 verbodicere.
1243 3985 1354 4047 κοιλίαν

251 4095 329 4183 ἔχειν
352 4099 545 4182 explicanda
558 4097 651 4162 affert
671 4095 861 4160 scholiastes
884 4094 977 4159 haec:
1002 4091 1063 4154 ἐπεὶ
1085 4092 1178 4154 πάντα
1199 4091 1355 4157 πέττουσιν

251 4207 277 4268 oi
300 4206 490 4292 ἀλεκτρυόνες
512 4207 693 4291 θερμοτάτην
716 4207 823 4268 κοιλίαν
847 4200 975 4296 ἔχοντες.
1018 4201 1091 4267 Non
1119 4201 1244 4284 dubito,
1276 4203 1350 4287 quin
1365 4266 1379 4292 .-

251 4337 289 4382 ea
311 4318 411 4381 verba
434 4317 555 4383 locutio
577 4316 720 4399 vulgaris
740 4314 869 4393 fuerint,
902 4320 938 4377 ut
959 4319 1047 4376 recte
1069 4310 1304 4376 etiam.Suidas
1326 4331 1349 4376 s.

251 4448 281 4493 ν.
304 4428 420 4509 ἀλεκτρ.
444 4431 585 4506 annotat,
618 4444 809 4508 quamquam
827 4422 1043 4489 Bernhardius
1065 4420 1166 4486 verba
1188 4419 1235 4482 καὶ
1257 4442 1349 4505 παροι·
