2782 5032
781 335 821 399 38

707 426 906 433 -m-

257 539 379 602 Auctor
399 543 448 601 cst
462 537 607 617 Vossius
631 537 816 622 Aristyllum
833 537 998 622 quendam,
1022 538 1113 623 cujus
1137 538 1168 600 in
1190 558 1280 621 vesp.
1297 535 1348 600 647

257 646 374 710 mentio
406 644 453 726 fit,
488 645 598 710 eodem
626 646 705 710 vitio
734 647 834 710 luisse
860 647 1015 711 affectum.
1061 647 1165 711 Etiam
1188 647 1221 710 in
1243 640 1348 712 eccles.

256 752 330 834 920,
363 755 416 816 ubi
439 774 517 817 anus
539 754 699 818 invidiosa
720 755 846 838 puellae
869 755 1048 835 maledicit,
1083 775 1165 837 quaa
1187 762 1349 820 amatorem

257 868 431 948 exspectnt,
454 862 577 926 adhoc
600 862 711 925 vitium
734 871 899 947 spectatur
919 864 1028 928 verbis
1051 871 1240 946 quaesunt:
1261 862 1349 930 ’δοκεῖς

256 970 290 1032 δέ
312 994 361 1052 μοι
382 971 429 1032 καὶ
452 972 548 1056 λάβδα
571 969 645 1032 κατά
667 969 734 1038 τοὺς
752 972 898 1057 Λεσβίους.
943 971 1013 1051 Qua
1035 972 1075 1036 de
1096 992 1132 1037 re
1154 973 1295 1038 obscena
1314 971 1347 1036 cl.

257 1079 355 1143 schol.
378 1080 408 1142 h.
431 1079 451 1144 l.
476 1085 508 1144 et
530 1080 617 1166 App..
636 1081 706 1162 prb.
727 1080 785 1161 IV,
808 1078 857 1143 73.

356 1187 407 1251 Ad
437 1188 633 1252 Milesiorum
661 1207 764 1253 mores
798 1201 966 1271 corruptos
998 1189 1175 1273 pertinent,
1212 1210 1291 1274 quae
1322 1190 1347 1252 in

256 1297 330 1382 Lys.
356 1295 522 1359 107-110
544 1317 563 1360 a
582 1296 766 1360 mulieribus
789 1297 877 1362 dicta
899 1304 987 1363 sunt:

405 1438 470 1502 ἀλλ’
494 1438 565 1501 οὐδὲ
588 1441 692 1524 μοιχοῦ
715 1438 938 1501 καταλέλειπται
961 1440 1102 1524 φεψάλυξ,

406 1547 435 1616 ἐξ
458 1545 492 1610 οὔ
509 1547 565 1631 γὰρ
589 1548 666 1634 ἡμᾶς
688 1545 852 1631 προῦδοσαν
868 1545 1006 1632 Μιλήσιοι

407 1655 460 1719 οὐκ
482 1653 558 1718 εἶδον
581 1655 642 1719 ὀὐδ’
666 1653 782 1741 ὄλισβον
808 1655 1030 1720 ὀκτωδάκτυλον

408 1763 440 1834 ὃς
461 1764 497 1849 ἦν
518 1762 553 1827 ἂν
575 1766 642 1848 ἡμῖν
666 1763 811 1848 σκυτίνη
830 1761 1024 1850 ’πικουρία,

256 1910 370 1993 quibus
392 1910 500 1975 verbis
523 1908 610 1972 aliud
631 1909 742 1972 vitium
766 1910 998 1992 cognoscimus,
1030 1911 1081 1973 cui
1103 1910 1253 1976 mulieres
1274 1911 1349 1975 dedi·

212 2026 215 2031 ’
254 2025 311 2084 tae
333 2025 425 2082 erant
446 2026 479 2092 et
501 2018 586 2101 quod
608 2017 711 2083 Mileti
733 2018 888 2101 imprimis
910 2019 1053 2101 viguisse
1070 2018 1206 2085 videtur.
1251 2020 1349 2085 Verba

256 2126 402 2208 σκυτίνη
425 2126 572 2210 ἐπικουρία
594 2127 755 2210 pertinere
778 2126 818 2190 ad
834 2127 1036 2210 proverbium
1059 2127 1180 2212 συκίνη
1203 2128 1348 2210 ἐπικουρία,

256 2243 370 2299 auctor
392 2241 442 2299 cst
464 2235 668 2317 scholiastes3
693 2255 802 2299 rocem
826 2236 909 2299 enim
931 2235 1046 2319 σκυτίνη
1064 2257 1121 2320 pro
1140 2237 1239 2321 συκίνη
1262 2237 1347 2322 scrin

151 2398 154 2403 .
254 2352 318 2409 tarn
341 2363 421 2424 esse,
445 2344 529 2426 quod
554 2365 611 2408 eae
634 2364 695 2423 res,
721 2364 803 2427 quae
825 2365 906 2408 voce
931 2341 1042 2430 δλισβοι
1063 2345 1297 2427 significantur,
1317 2365 1349 2410 ex

256 2452 345 2516 corio
367 2450 611 2517 fabricarentur.
655 2452 738 2529 Quid
768 2452 888 2517 locutio
919 2454 1095 2536 significet,
1128 2454 1246 2520 docent
1272 2455 1348 2519 scho

215 2570 217 2575 '
254 2560 367 2624 liastcs
391 2566 423 2623 et
444 2560 527 2624 Mac.
553 2561 623 2641 VIl,
647 2559 701 2626 83:
725 2560 771 2622 ἐπὶ
793 2565 850 2622 τῶν
874 2561 1016 2626 ἀσθενῶν.

356 2669 431 2732 Alia
454 2670 494 2734 de
516 2669 652 2734 Milesiis
676 2670 764 2733 dicta
780 2670 899 2735 locutio
922 2678 971 2735 est
987 2672 1018 2734 in
1034 2672 1111 2756 plut.
1132 2671 1229 2738 1033:
1250 2673 1344 2734 πάλαι

255 2777 335 2839 ποτ’
362 2777 454 2861 ἦσαν
482 2776 635 2861 ἄλκιμοι
662 2775 846 2860 Μιλήσιοι,
881 2800 963 2861 quae
984 2782 1084 2844 verba
1106 2781 1292 2847 adulescens
1311 2781 1344 2843 lo·

257 2888 372 2970 quitur,
396 2886 479 2960 dona
501 2888 678 2968 remittens,
715 2908 796 2971 quae
818 2909 897 2953 anus
920 2889 950 2953 ei
976 2889 1145 2954 obtulerat.
1191 2890 1345 2974 Significat

256 2995 452 3075 adulescens,
476 3016 511 3061 se
534 3016 635 3075 annun,
659 2997 709 3058 cui
732 3016 832 3076 usque
855 2998 895 3060 ad
918 2996 950 3060 id
973 3004 1097 3080 ternpus
1122 3019 1240 3064 morem
1255 3015 1345 3083 gessa

254 3104 305 3184 rit,
328 3123 461 3187 prorsus
481 3105 555 3168 inde
578 3105 795 3186 neglecturum
819 3126 900 3172 esse.
946 3105 1109 3189 Sumptum
1138 3127 1211 3174 esse
1232 3124 1348 3192 prover-

255 3212 340 3276 bium
375 3212 414 3275 de
448 3211 643 3276 Milesoriurn
677 3211 770 3276 clade
808 3215 958 3297 quadarn,
992 3214 1183 3301 scholiastes
1217 3218 1351 3281 annotat·

256 3319 458 3403 significatio
481 3321 645 3404 proverbii
667 3322 746 3386 haec
773 3333 823 3387 est
844 3325 876 3386 in
895 3324 1040 3388 scholiis:
1064 3323 1109 3385 ἐπὶ
1133 3330 1190 3386 τῶν
1217 3324 1356 3409 πρότερον

254 3429 306 3512 μὲν
336 3429 599 3512 εὐδαιμονούντων,
628 3431 674 3490 νῦν
702 3431 735 3492 δὲ
766 3433 963 3517 ἀτυχούντων.
1007 3433 1124 3496 Iterum
1148 3433 1266 3517 legitur
1287 3445 1363 3517 pro·

255 3539 400 3603 verbium
421 3539 454 3602 in
478 3538 555 3622 plut.
581 3536 678 3620 10753
702 3539 869 3621 attingitur
890 3543 923 3604 in
946 3562 1036 3624 vesp.
1062 3539 1151 3604 1060.

356 3647 491 3711 Infamia
514 3655 605 3726 erant
631 3646 866 3711 Corinthiorum
898 3660 1018 3731 scorta,
1052 3650 1238 3714 avidissima
1268 3658 1376 3734 pecu·

256 3756 336 3837 niae,
360 3776 441 3840 quae
464 3762 561 3839 poeta
582 3756 614 3819 in
637 3756 714 3840 plut.
742 3753 884 3817 149--53
908 3768 1148 3824 commemorat:

405 3888 452 3951 καὶ
474 3886 528 3956 τὰς
550 3889 576 3969 η’
598 3888 712 3971 ἑταίρας
733 3887 803 3972 φασὶ
825 3889 877 3958 τὰς
897 3885 1049 3973 Κορινθίας

407 3995 476 4059 ὅταν
500 3995 551 4079 μὲν
573 3995 663 4064 αὐτάς
685 4018 727 4065 τις
748 3995 837 4079 πένης
859 4003 966 4082 πειρῶν
989 4000 1066 4085 τύχη

406 4104 475 4167 οὐδὲ
499 4102 651 4188 προςέχειν
674 4107 722 4166 τδν
744 4108 828 4167 νοῦν·
852 4105 901 4168 ἐὰν
925 4107 959 4170 δὲ
979 4110 1126 4191 πλούσιος,

404 4211 455 4274 τδν
480 4211 613 4295 πρωκτδν
636 4210 727 4281 αὐτὰς
750 4213 838 4282 εὐθὺς
862 4217 903 4284 ὥς
925 4219 1025 4279 τοῦτον
1046 4218 1169 4301 τρέπειν.

253 4337 348 4403 Unde
369 4338 577 4422 proverbium
602 4336 781 4422 profectum
804 4347 866 4404 cst:

376 4463 415 4527 οδ
438 4462 565 4532 παντὸς
588 4463 716 4547 ἀνδρὸς
737 4463 789 4533 είς
811 4459 986 4550 Κόρινθον
1008 4464 1085 4530 ἔσθ’
1109 4469 1125 4529 ὁ
1148 4471 1275 4550 πλοῦς,
