2782 5032
789 345 809 410 8

700 434 899 443 ——-—-

246 551 276 620 a<
299 547 431 632 κόρακας
452 569 541 634 vesp.
554 547 625 613 852.
649 547 719 613 892.
733 571 804 634 ραο.
820 547 867 613 19.
883 547 951 612 117.
967 547 1056 610 1221.
1102 547 1300 612 Scholiastes
1313 548 1352 610 ad

249 680 319 742 equ.
334 658 424 720 1151.
443 659 525 722 hanc
545 659 737 723 locutionem
754 679 813 742 pro
838 658 1010 743 proverbio
1033 658 1153 735 babuit,
1178 676 1259 738 quae
1282 675 1353 718 mea

249 768 377 852 quidem
401 768 560 832 sententia
576 787 706 832 numero
721 787 835 830 vocum
853 766 1042 831 exsecrandi
1063 765 1267 829 attribuenda
1292 770 1352 828 est.

349 877 469 941 Multae
502 879 739 942 exsecrationes
765 878 864 940 verbo
902 873 1132 937 ἀπόλλυσθαι
1165 873 1353 952 formantur,

249 987 348 1050 veluti
371 984 544 1047 ἀπολέσειαν
568 986 595 1046 οἱ
618 985 685 1046 θεοί
705 1005 774 1067 equ.
791 982 821 1047 2.
844 984 922 1067 plut.
936 981 1007 1047 592.
1021 981 1143 1044 ἀπόλοιο
1166 1003 1238 1066 pec.
1261 980 1353 1047 1072.

251 1092 340 1159 1288.
363 1093 502 1156 ἀπόλοιτο
530 1115 601 1178 pao.
628 1094 698 1156 267.
723 1094 747 1155 ὦ
770 1094 878 1156 κάκιστ’
902 1090 1089 1174 ἀπολουμένη
1118 1092 1233 1156 eccles
1259 1090 1354 1155 1052.

251 1201 536 1287 1076.ρ1ιι1.466.
565 1225 636 1288 pac.
658 1201 687 1268 2.
713 1204 763 1268 vel
788 1205 888 1267 verbo
922 1200 1218 1285 διαβρήγνυοθαι,
1251 1201 1355 1266 veluti

249 1310 429 1396 diuideretur
450 1333 521 1396 equ.
541 1310 611 1375 339.
637 1312 752 1376 eccles.
780 1309 851 1375 803.
879 1312 958 1395 plut.
981 1309 1052 1374 279.
1078 1309 1149 1375 892.
1173 1310 1226 1375 vei
1249 1309 1354 1395 φθεί-

249 1420 384 1502 ρεσθαι,
419 1421 623 1506 ἐπιτρίβειν,
659 1420 842 1502 οἰμώζειν,
879 1420 1024 1483 κλαίειν.
1079 1420 1178 1484 Plura
1200 1421 1240 1485 de
1262 1441 1355 1485 exse-

250 1530 448 1594 crationibus
471 1531 586 1595 afferre
608 1550 750 1614 possum,
785 1529 842 1593 sed
868 1531 929 1594 hoc
957 1531 1031 1594 loco
1055 1530 1124 1614 jam
1151 1529 1353 1596 satisfecisse

249 1640 326 1703 mihi
350 1640 473 1703 videor.

185 1731 191 1742 ⁸
348 1749 519 1832 Proprium
542 1748 679 1831 denique
702 1748 856 1812 sermonis
878 1748 1021 1830 vulgaris
1054 1754 1116 1828 est,
1151 1748 1237 1829 quod
1271 1748 1352 1813 fides

250 1857 398 1921 veritatis
420 1857 613 1921 innumeris
647 1858 930 1921 commemorandis
952 1878 1015 1921 non
1037 1862 1194 1936 servatur,
1229 1859 1287 1922 scd
1309 1860 1350 1922 ni-

248 1966 312 2030 mio
336 1965 441 2028 studio
464 1967 586 2029 numeri
609 1972 773 2049 augentur.
825 1966 864 2030 of.
888 1987 957 2048 equ.
983 1965 1031 2030 70.
1069 1964 1137 2028 186.
1172 1964 1243 2030 718.
1278 1965 1348 2031 828.

249 2072 341 2139 1153.
363 2094 452 2159 vesp.
475 2073 546 2138 554.
570 2096 641 2158 pac.
664 2073 735 2138 242.
758 2074 831 2158 Lys.
856 2073 926 2139 355.
951 2073 1012 2136 698
1033 2095 1099 2139 ran.
1125 2073 1216 2138 1129.

349 2183 523 2248 Praeterea
544 2184 769 2267 Aristophanis
793 2203 966 2248 sermonem
989 2185 1100 2248 habitu
1128 2185 1265 2266 quodam
1288 2185 1349 2248 vul·

249 2294 321 2376 gari
343 2292 487 2356 afficiunt
513 2293 680 2376 opiniones
707 2293 869 2376 vulgares,
903 2314 1034 2375 quarum
1061 2313 1218 2376 persaepe
1246 2295 1280 2357 in
1302 2315 1347 2358 co-

249 2401 384 2466 moediis
407 2403 524 2465 mentio
555 2401 605 2483 fit,
637 2403 724 2466 velut
751 2403 859 2487 opinio
888 2402 1030 2484 vulgaris
1059 2403 1100 2467 ad
1128 2410 1346 2486 tempestatem

248 2512 412 2596 pertinens
434 2511 519 2575 inest
539 2512 687 2575 versibus
708 2532 787 2596 vesp
817 2509 955 2574 aea-3:

400 2615 493 2681 ἔπεισι
513 2622 581 2701 γοῦν
604 2623 689 2682 τοῖσιν
717 2619 832 2703 λύχνοις
853 2619 942 2682 adteri
964 2621 1102 2704 μύκητες·

401 2731 482 2813 φιλεῖ
500 2729 538 2810 δ’,
572 2727 640 2790 ὅταν
663 2730 740 2790 τοῦτ’
762 2722 796 2810 dr
823 2730 912 2791 ποιεῖν
935 2729 1015 2791 ὑετόν
1039 2731 1174 2812 μάλιστα.

249 2839 444 2903 Praesertim
467 2837 507 2902 de
522 2839 635 2902 avibus
647 2839 765 2902 multae
777 2838 943 2921 opiniones
958 2839 1104 2920 vulgares
1120 2861 1170 2923 ap.
1184 2840 1345 2922 Aristoph.

249 2954 428 3029 occurrunt,
452 2947 491 3011 of.
529 2968 577 3012 av.
608 2945 749 3010 1136--7
777 2946 935 3031 (γέρανος),
972 2970 1020 3011 av.
1055 2947 1179 3010 tra-4
1209 2947 1345 3030 (ἰκτῖνος),

250 3075 299 3120 av.
321 3054 382 3117 507
419 3054 563 3140 (κόκκυξ),
587 3079 637 3121 av.
661 3057 722 3120 715
745 3057 909 3141 (χελιδών),
932 3077 981 3120 av.
1006 3055 1067 3119 609
1094 3056 1247 3140 (κορώνη),
1270 3058 1346 3121 alias

249 3165 394 3229 invenias
409 3166 441 3228 in
460 3166 574 3229 eccles.
591 3165 723 3247 791-3,
744 3188 811 3229 ran.
837 3165 904 3247 196,
929 3167 1043 3230 cocles.
1069 3165 1222 3231 tle-15.

350 3272 471 3351 Quibus
486 3276 581 3338 rebus
604 3277 760 3358 expositis
774 3276 853 3338 illud
868 3282 989 3338 tantum
1006 3279 1268 3358 commemorabo,
1292 3275 1346 3340 dii-

250 3381 426 3447 ficillimum
442 3402 513 3447 esse
528 3384 567 3447 ad
581 3384 797 3467 judicandum,
820 3394 923 3448 utrum
938 3385 1057 3448 locutio
1075 3387 1114 3448 ab
1133 3387 1344 3470 Aristophane

250 3492 373 3556 demum
397 3492 533 3557 formata
550 3494 599 3575 sit,
623 3513 663 3556 an
680 3494 748 3577 jam
765 3503 933 3577 antequam
949 3501 1046 3576 poeta
1061 3515 1130 3558 eam
1146 3495 1347 3577 usurpaverit

250 3602 282 3664 in
304 3621 359 3665 ore
381 3602 469 3685 vulgi
493 3603 535 3666 sit
557 3610 694 3667 versata.
739 3603 831 3680 Quod
853 3625 947 3686 quam
970 3603 1102 3667 difficile
1131 3605 1185 3683 sit,
1218 3624 1347 3686 eognos-

250 3712 350 3775 cimus
372 3731 411 3775 ex
432 3731 491 3774 usu
514 3710 718 3792 locutionum,
742 3715 933 3793 quaeverbo
957 3712 1072 3794 βλέπειν
1096 3711 1251 3778 formatae
1267 3720 1344 3777 sunt.

250 3819 431 3884 Occurrunt
452 3840 510 3884 eae
533 3840 700 3904 persaepe,
730 3820 829 3884 veluti
856 3819 970 3903 βλέπειν
997 3824 1071 3882 νᾶπυ
1095 3841 1164 3904 equ.
1186 3821 1257 3886 630.
1301 3823 1348 3906 βλ.

250 3929 386 4011 κάρδαμα
408 3949 497 4012 vesp.
520 3927 592 3992 455.
617 3929 662 4012 βλ.
686 3929 816 4011 ὀρίγανον
840 3950 905 3992 ran.
929 3927 998 3992 604.
1022 3930 1068 4012 βλ.
1092 3928 1181 3991 δεινόν
1204 3953 1262 3995 ran
1276 3930 1351 3994 592.

249 4037 295 4120 βλ.
319 4037 403 4119 δριμύ
425 4059 493 4101 ran.
517 4035 587 4100 562.
611 4038 657 4121 βλ.
680 4036 822 4121 ταορηδόν
845 4059 912 4102 ran.
935 4036 1006 4102 804.
1035 4039 1080 4124 βλ.
1104 4039 1354 4125 9ομβροφάηονον

249 4147 329 4211 Αολι.
351 4145 413 4208 264
435 4147 480 4231 βλ.
504 4145 626 4208 κλέπτον
649 4167 737 4231 vesp.
762 4145 832 4211 900.
877 4146 965 4224 Quae
988 4169 1060 4210 num
1083 4171 1101 4211 a
1122 4158 1220 4232 poeta
1239 4157 1355 4213 nostro

249 4256 372 4319 demum
394 4256 549 4320 formatae
571 4257 643 4336 sint,
666 4255 804 4321 dubitari
827 4264 945 4341 potest,
981 4278 1051 4321 cum
1076 4257 1195 4322 similes
1218 4259 1357 4323 locutio·

248 4384 305 4430 nes
326 4366 492 4449 proverbii
525 4365 628 4429 locum
655 4366 830 4430 obtinuisse
856 4374 984 4431 veteres
1011 4366 1214 4449 tradiderint,
1249 4367 1351 4433 veluti

248 4472 365 4561 βλέπειν
389 4472 554 4558 ὑπότριμμα
573 4474 689 4539 eccles.
705 4472 777 4538 291.
800 4474 953 4561 ἐμβλέπειν
969 4473 1087 4559 ἔρημον,
1110 4477 1140 4539 iu
1157 4476 1262 4560 frgmt.
1275 4475 1352 4539 393.
