2866 5176
271 493 392 573 Quodsi
416 494 509 578 Diog.
533 496 589 575 lv,
611 494 651 556 26
674 503 706 561 et
728 499 809 560 Mne.
832 497 888 578 ΙΙΙ,
912 496 953 558 24
975 496 1178 579 proverbium
1204 485 1372 581 praebent,

268 606 358 688 'quod
373 613 434 670 est:
456 604 597 689 Δελφός
620 605 721 688 αἰνή-ρ,
745 606 885 690 στέφανον
908 607 959 688 μὲν
979 603 1050 691 ἔχει,
1074 606 1143 688 δίψη
1160 607 1186 667 δ’
1201 604 1372 680 ἀπόλωλεν,

271 714 465 798 explicatum
483 713 532 778 his
556 715 676 778 veritis:
700 713 827 795 παρόσον
850 712 929 776 υῦτυι
950 713 996 776 διὰ
1019 714 1051 775 τδ
1075 714 1125 797 μὲν
1138 715 1272 797 ἱερᾶσθαι
1294 713 1374 776 ἐστε-

272 820 438 906 φανωμέναι
460 821 547 906 ἦσαν,
582 826 638 884 τῶν
667 823 701 884 δὲ
732 823 901 906 ἐπιτηδείων
929 821 1070 907 ἠπόρουν,
1106 823 1285 906 dijudicare
1306 844 1372 888 non

272 951 408 1013 possum,
432 941 534 996 utrum
551 932 612 995 hoc
629 933 831 1015 proverbium
845 953 887 997 ex
901 953 947 1013 eo,
970 933 1054 1015 quod
1077 931 1116 996 dc
1136 932 1246 996 Conna
1262 933 1372 1014 vulga-

272 1048 336 1103 tum
370 1049 451 1120 erat,
485 1042 661 1125 profectum
689 1043 743 1121 sit,
777 1063 816 1105 au
838 1042 916 1105 illud
938 1063 978 1109 ex
998 1043 1068 1106 hoc.
1113 1041 1153 1105 cf.
1177 1041 1371 1106 Bernhardii

272 1154 379 1213 uotum
401 1150 442 1214 ud
464 1150 552 1215 Suid.
575 1172 600 1215 s.
623 1174 652 1216 v.
682 1159 714 1216 et
739 1151 860 1214 Erusm.
883 1173 914 1234 p.
937 1149 1008 1212 311.
1064 1151 1256 1214 Mentiouem
1292 1149 1372 1213 iacit

272 1258 363 1322 huius
387 1261 550 1341 proverbii
573 1261 704 1325 Lucian.
730 1261 769 1325 de
791 1281 886 1325 mero.
911 1260 1002 1324 cond.
1018 1257 1066 1320 28.

373 1384 445 1448 Alia
465 1386 584 1449 locutio
607 1393 676 1449 erat
697 1381 807 1447 Κόννου
831 1391 927 1470 ψῆφος
949 1387 981 1449 in
996 1401 1084 1463 vesp.
1101 1382 1171 1464 675,
1194 1385 1247 1447 ubi
1264 1384 1370 1450 schol:

271 1491 330 1554 υἷυν
353 1492 385 1554 τό
409 1493 509 1577 μηδέν.

265 1700 267 1705 ,
372 1617 509 1702 Propter
533 1617 654 1701 flagitia
676 1619 884 1703 Phrynondas
900 1619 1035 1701 qnidam,
1058 1619 1111 1700 qui
1131 1625 1275 1701 tempore
1289 1618 1371 1682 belli

272 1725 539 1810 Peloponnesiaci
572 1729 705 1792 Athenis
738 1728 811 1809 fuit,
845 1734 1012 1813 tantopere
1034 1740 1103 1792 erat
1124 1725 1306 1805 infamatus,
1335 1738 1372 1793 ut

272 1854 445 1916 cognomen
468 1835 679 1919 Phrynondae
701 1838 833 1901 cuilibet
855 1837 991 1902 scelesto
1013 1837 1130 1899 homini
1149 1836 1291 1918 daretur,
1318 1815 1371 1902 ve:

270 1943 329 2006 luti
353 1945 385 2006 in
408 1945 532 2009 Thesm.
555 1943 629 2026 861,
663 1945 717 2008 nbi
740 1967 809 2010 cnm
832 1946 1046 2010 Mnesilochus
1068 1945 1210 2009 vestibus
1232 1946 1371 2012 mulieri-

270 2054 329 2117 bus
351 2053 503 2118 Helenum
526 2054 667 2117 imitatus
690 2054 837 2120 dixisset:

513 2205 576 2283 ἐμοὶ
598 2205 631 2268 δὲ
652 2210 689 2288 γῆ
712 2205 764 2287 μὲν
785 2205 885 2288 πατρὶς
907 2205 959 2267 οὐκ
982 2205 1131 2287 ἀνώνυμος

513 2313 640 2399 Σπάρτη,
663 2315 758 2398 πατήρ
782 2316 815 2378 δὲ
836 2312 1007 2399 Τυνδάρευς,

271 2466 435 2530 mulierum
457 2487 519 2530 una
541 2467 683 2531 fraudem
706 2467 960 2531 animadvertens
981 2466 1167 2549 respondet:

768 2609 770 2615 '
867 2607 912 2668 συὶ
933 2609 958 2688 γ’
979 2607 1096 2689 ὦλεθρε

470 2718 564 2799 πατὴρ
588 2715 694 2784 ἐκεῖνός
715 2716 789 2798 ἐατι;
813 2714 991 2799 Φρυνώνδας
1014 2716 1064 2798 μὲν
1088 2713 1145 2796 οὖν,

270 2875 383 2956 quibus
406 2877 513 2940 verbis
536 2876 622 2957 dicit,
645 2875 730 2939 illius
753 2883 875 2960 putrem
897 2896 959 2939 non
982 2876 1184 2958 Tyndareum
1207 2895 1286 2957 esse,
1311 2878 1371 2942 sed

269 2983 425 3049 hominem
448 2985 584 3067 aliquem
606 2984 768 3049 nefarium.
823 2986 915 3048 Voce
945 2983 1123 3065 Φρυνώνδας
1154 2985 1237 3048 idem
1271 2985 1372 3067 signi-

269 3091 360 3155 ficari
382 3101 477 3176 atque
497 3092 596 3176 μιαρός
619 3094 668 3157 vel
681 3090 814 3176 πονηρός,
838 3093 936 3158 refert
952 3093 1174 3159 etiumSuidas
1200 3093 1254 3176 (ci.
1267 3095 1369 3159 Arist.

270 3201 376 3283 frgmt.
399 3200 454 3286 92)
479 3224 502 3266 s.
525 3224 570 3268 u:
604 3201 793 3284 Φρυνώνδαςι
828 3207 884 3263 τῶν
907 3201 952 3263 ἐπὶ
978 3202 1099 3285 πονηρίᾳ
1126 3201 1370 3288 διαβεβοημένων,

269 3309 301 3378 δς
332 3310 410 3380 ξένος
441 3311 482 3374 ὢν
515 3310 588 3373 κατὰ
621 3311 656 3372 τὰ
684 3310 937 3396 Πελοποννησιακὰ
961 3311 1096 3396 διέτριβεν
1114 3308 1283 3393 Ἀθήνησιν.
1333 3311 1370 3374 Ἀ

264 3415 436 3503 Ἀμφιάρεῳ
469 3421 512 3501 ,ὦ
535 3421 618 3503 μιαρὲ
639 3421 684 3483 καὶ
707 3419 869 3504 Φρυνώνδα
895 3420 940 3482 καὶ
967 3420 1073 3503 πονηρὲ
1095 3418 1159 3482 αό.“
1198 3419 1231 3480 ἐν
1263 3420 1370 3482 τούτου

267 3528 334 3596 τυδς
366 3530 508 3612 πυνήρυυς
542 3528 717 3611 Φρυνώνδας
750 3533 878 3594 καλοῦσι.
933 3530 1051 3592 Eadem
1078 3528 1167 3610 legas
1199 3529 1231 3591 iu
1266 3530 1368 3594 schol.

268 3638 311 3701 ed
343 3639 492 3702 Aeschin.
530 3659 556 3703 c.
593 3639 735 3722 Ctesiph.
767 3660 797 3722 p.
831 3637 931 3717 73,12.
1000 3636 1197 3702 Scholiastes
1231 3637 1369 3702 Luciani

257 3747 309 3810 -ed
331 3746 422 3811 Alex.
446 3767 473 3812 c.
496 3746 518 3807 4
538 3758 655 3828 narrat,
681 3749 775 3812 etiam
798 3749 838 3812 ab
854 3746 977 3829 Eupole
993 3747 1214 3830 Phrynondam
1238 3746 1369 3810 irrisum

268 3855 374 3920 fuisse.
428 3856 465 3919 In
489 3856 610 3921 aduott.
633 3857 674 3920 ad
700 3851 812 3941 Apest.
835 3856 959 3937 XVIII,
980 3854 1000 3916 2
1023 3855 1155 3937 legimus
1179 3854 1368 3939 exemplum,

268 3965 352 4047 quod
368 3986 408 4029 ex
423 3966 534 4030 Liban.
552 3967 643 4050 epist.
662 3964 741 4026 1038
756 3968 889 4051 petitum
902 3971 963 4030 est:
987 3964 1135 4049 βυήδηαυν
1152 3962 1232 4046 ἀνδρὶ
1243 3970 1369 4049 χρηστῷ

267 4073 379 4141 πολλὰς
402 4074 549 4157 δεξαμένῳ
584 4073 747 4158 πρυςβυλδς
770 4073 825 4135 ὑπὸ
848 4073 1025 4157 Φρυνώνδυυ
1048 4072 1130 4140 τινός.
1186 4073 1234 4136 De
1267 4073 1368 4157 Phry-

267 4183 375 4247 nouda
397 4184 550 4247 disseruit
568 4183 765 4247 Fritzschius
787 4184 820 4247 in
841 4205 951 4248 comm.
975 4183 1015 4246 ad
1040 4183 1165 4246 Thesm.
1189 4178 1261 4245 861.

366 4310 447 4374 Item
468 4311 594 4373 insumis
616 4316 687 4374 erat
708 4310 823 4374 Cillico
846 4310 987 4392 quidam,
1015 4309 1068 4390 qui
1095 4316 1129 4371 ut
1150 4307 1279 4370 divitias
1303 4309 1368 4372 sibi

266 4424 408 4504 pararet,
442 4420 578 4502 petriam
611 4420 766 4502 prodidit3
796 4439 879 4501 quae
901 4419 971 4502 ejus
993 4418 1098 4502 patria
1120 4417 1227 4496 luerit,
1261 4424 1367 4482 utrum
