2782 5032
780 284 799 346 6

338 487 400 551 His
422 486 526 552 tribus
541 487 712 568 generibus
734 487 930 551 locutionum
952 505 1066 550 nomen
1088 486 1252 570 proverbii
1270 505 1343 551 esse

240 596 484 677 attribuendum,
506 615 610 660 meum
633 603 683 660 est
701 596 867 679 judicium.
918 595 1042 659 Elrasrni
1066 594 1208 659 definitio
1230 615 1343 679 parum

241 714 327 771 certa
350 705 425 768 mihi
449 714 512 786 est,
540 705 593 788 qui
615 705 648 767 in
669 704 771 788 praef.
794 705 898 788 Adag.
922 704 1013 784 dicit,
1045 704 1249 787 proverbium
1272 725 1345 769 csse

239 815 432 880 locutionem
454 814 620 897 vulgarem
644 815 727 878 scita
750 814 884 897 quadam
908 814 1050 878 novitate
1072 814 1240 878 excelsam.

340 923 490 1000 Quamvis
518 923 691 987 sententias
720 922 934 1004 formulasque
965 921 1091 986 dicendi
1118 941 1181 985 non
1209 921 1345 986 difficile

241 1033 283 1096 sit
315 1051 523 1114 cognoscere,
561 1032 680 1116 quippe
714 1051 795 1114 quae
826 1032 859 1095 in
889 1036 1008 1096 certam
1031 1031 1187 1113 quandam
1210 1031 1346 1094 formam

240 1141 304 1205 sint
325 1141 478 1206 redactae
500 1160 633 1206 necesse
656 1140 711 1221 sit,
745 1147 884 1204 attamen
912 1140 1088 1204 dificillima
1113 1147 1162 1204 est
1189 1141 1344 1223 cognitio,

240 1257 342 1315 utrum
375 1252 563 1334 metaphora
594 1250 627 1312 in
654 1269 709 1314 ore
735 1251 824 1332 vulgi
846 1258 976 1314 versata
1003 1251 1044 1313 sit
1065 1269 1174 1314 neone.
1218 1248 1282 1313 Vel
1318 1250 1345 1312 si

241 1359 312 1441 quis
333 1359 453 1423 nostris
481 1359 678 1443 temporibus
708 1358 748 1423 de
774 1359 955 1443 proverbiis
983 1379 1059 1424 suae
1085 1358 1187 1440 ipsius
1213 1359 1345 1440 linguae

241 1467 406 1550 disputare
430 1468 517 1547 velit,
540 1466 712 1531 timendum
735 1474 792 1542 est,
815 1488 855 1532 ne
870 1469 1037 1531 nonnullus
1053 1467 1231 1532 locutiones
1253 1487 1346 1550 prae·

239 1577 408 1658 termittat3
439 1597 512 1640 nam
533 1577 603 1659 quis
626 1584 688 1658 est,
717 1578 768 1641 cui
790 1597 898 1641 omnes
920 1597 980 1661 per
1001 1583 1100 1642 totum
1122 1576 1236 1656 vulgus
1259 1577 1345 1640 locu·

239 1686 343 1750 tiones
359 1685 508 1768 vulgatae
529 1669 624 1750 notae
647 1685 733 1749 sint?
770 1686 891 1763 Quodsi
906 1687 966 1751 hoc
987 1687 1055 1769 jam
1072 1685 1168 1749 hodie
1182 1686 1215 1747 in
1231 1691 1343 1750 nostro

240 1813 384 1859 sermone
405 1793 536 1858 difficile
558 1800 616 1873 est,
639 1802 757 1877 quanto
780 1794 943 1859 difficilius
967 1802 1017 1860 est
1030 1794 1208 1859 locutiones
1232 1815 1345 1876 agnos·

240 1923 314 1968 cere
329 1903 489 1986 vulgares,
513 1923 594 1985 quae
618 1903 748 1966 circiter
763 1910 837 1967 ante
859 1903 974 1986 'viginti
990 1904 1053 1967 tria
1080 1903 1209 1968 saecula
1231 1904 1265 1966 in
1288 1923 1345 1968 ore

238 2012 327 2103 vulgi
350 2012 468 2077 Graeci
490 2019 639 2076 versatae
662 2012 745 2075 sint?
789 2011 858 2088 Qua
889 2013 921 2075 in
954 2033 991 2077 re
1019 2013 1197 2096 judicanda
1230 2015 1344 2077 summi

238 2122 388 2186 momenti
410 2122 502 2185 nobis
525 2128 607 2200 sunt,
641 2140 723 2202 quae
756 2121 1034 2206 paroemiographi
1063 2132 1188 2186 veteres
1212 2123 1252 2186 de
1271 2143 1344 2205 pro-

238 2231 359 2295 verbiis
381 2231 607 2312 disseruerunt,
641 2230 694 2313 qui
719 2230 918 2294 exsortibus
951 2231 1135 2311 hauserunt,
1171 2252 1250 2315 quos
1283 2252 1344 2295 nos

149 2416 150 2419 Ἴ
238 2359 301 2403 non
320 2339 389 2422 jam
411 2339 501 2403 adire
522 2358 697 2424 possumus.
736 2338 868 2402 Praeter
895 2342 1197 2425 paroemiographos
1221 2361 1344 2408 summo

239 2448 420 2530 adjumento
443 2449 535 2512 nobis
559 2455 631 2512 sunt
654 2468 735 2530 quae
766 2456 892 2512 veteres
918 2451 1111 2515 scholiastae
1133 2451 1344 2534 seripserunt,

239 2557 294 2641 qui
316 2557 541 2641 Aristophanis
564 2556 691 2640 quidem
713 2558 886 2622 comoediis
918 2559 1167 2644 interpretandis
1189 2581 1344 2626 summum

239 2665 377 2731 studium
400 2673 433 2731 et
454 2666 597 2730 lahorem
618 2667 847 2750 impenderunt,
879 2688 981 2751 neque
1015 2669 1140 2734 omnino
1163 2671 1190 2732 si
1214 2666 1278 2753 qua
1298 2671 1344 2734 lo·

240 2776 326 2840 cutio
348 2776 491 2858 vulgaris
514 2775 561 2840 eis
584 2775 785 2855 occurrisset,
808 2797 877 2840 eam
896 2783 1008 2842 notare
1023 2785 1055 2841 et
1078 2779 1244 2862 explicare
1264 2781 1342 2845 omi-

239 2892 358 2951 serunt.
402 2883 489 2960 Quos
511 2891 616 2949 tamen
639 2905 701 2949 non
724 2885 918 2949 certissimos
945 2907 1015 2951 esse
1042 2894 1189 2952 auctores
1213 2888 1343 2955 silentio

239 2994 418 3077 praeterire
440 3014 502 3057 non
524 3014 666 3078 possum,
689 3014 792 3076 neque
815 2995 898 3058 enim
918 2995 1031 3060 desunt
1050 2997 1238 3080 locutiones,
1262 3018 1341 3081 quas

241 3104 323 3167 alius
346 3102 589 3166 scholiastarum
610 3103 813 3183 metaphoras
835 3110 956 3167 tanturn
977 3114 1082 3183 vocet,
1116 3107 1197 3169 alius
1228 3115 1341 3173 eontra

238 3213 420 3298 proverbia,
453 3219 488 3275 ut
518 3211 602 3274 infra
634 3210 820 3275 videbimus.
864 3213 1104 3297 Nonnumquam
1137 3215 1256 3280 factnm
1283 3226 1339 3298 est,

238 3329 275 3385 ut
294 3322 414 3387 locutio
438 3342 532 3405 quam
554 3321 746 3386 scholiastae
768 3321 839 3386 loco
858 3324 1021 3407 proverbii
1041 3325 1166 3404 habent,
1190 3346 1338 3410 aparoe-

238 3431 435 3514 miographis
457 3431 606 3513 neglecta
628 3431 683 3514 sit,
711 3432 807 3494 etiam
829 3431 1008 3497 locutiones
1031 3442 1241 3498 occurrerunt
1263 3436 1338 3498 mihi

239 3559 259 3603 a
281 3540 576 3625 paroemiographis
598 3546 735 3621 notatae,
759 3543 1003 3623 praetermissae
1025 3563 1045 3605 a
1066 3543 1258 3610 scholiastis

337 3648 430 3713 Nunc
452 3649 614 3714 afferenda
637 3648 787 3713 nonnulla
816 3657 902 3730 sunt,
933 3671 1015 3733 quae
1043 3654 1197 3717 sermonis
1219 3655 1338 3718 Aristo·

238 3757 354 3840 phanis
376 3759 508 3842 propria
531 3765 612 3822 sunt.

340 3866 483 3932 Sermoni
499 3867 732 3950 Aristophanis,
755 3874 789 3930 ut
810 3873 926 3951 poetae
948 3869 1069 3950 comici,
1090 3869 1232 3934 habiturn
1247 3893 1338 3955 quen·

240 3974 312 4038 dam
333 3976 498 4058 vulgarem
519 3976 632 4055 inesse,
656 3976 772 4039 nemini
787 3977 900 4040 mirum
914 3996 985 4041 esse
999 3984 1120 4061 potest,
1143 3989 1343 4065 quapropter

240 4084 657 4172 creberrimasqlooutiones
679 4104 840 4167 vocesque
872 4086 1059 4167 invenimus,
1092 4109 1174 4170 quae
1208 4110 1249 4153 ex
1281 4111 1344 4154 usu

240 4194 413 4257 eommunis
441 4194 528 4258 vitae
550 4195 671 4278 petitae
700 4201 780 4256 sunt.
826 4196 931 4278 Atque
964 4216 1034 4259 cum
1056 4196 1234 4262 locutiones
1256 4199 1348 4263 infra

237 4301 426 4368 tractandae
450 4304 521 4385 sint,
544 4304 698 4368 hocloco
721 4323 817 4368 voees
840 4306 1011 4388 perpaucis
1035 4309 1294 4373 commemorabo.

338 4413 514 4496 vulgarem
540 4413 676 4480 reddunt
705 4429 880 4484 sermonem
903 4415 1126 4506 Aristophanis
1149 4437 1218 4487 oum
1240 4435 1348 4489 voces
