2782 5032
150 509 234 573 Pluti
258 507 310 572 dei
332 507 433 571 oeulis
455 507 619 587 restitutis,
643 506 805 571 desierunt
824 525 916 569 sacra
939 497 1045 568 iacere
1068 503 1133 569 deis
1152 497 1218 586 (οθωι

149 618 247 699 τάλας,
270 614 344 700 οἴμοι
364 618 542 682 πλακοῦντος
564 619 614 677 τοῦ
635 617 656 676 ’ν
683 616 799 697 τετράδι
819 612 1026 696 πεπεμμένου),
1050 613 1159 677 Oarion
1172 633 1219 677 ser·

149 745 207 789 vus
229 725 403 809 respondet
424 725 548 787 dicens:

289 833 414 901 ποθεῖς
437 832 494 895 τὸν
517 832 557 893 οὐ
581 829 739 913 παρόντα
761 831 817 893 καὶ
840 832 952 915 μάτην
975 833 1103 897 καλεῖς,

150 942 247 1025 Cujus
268 941 438 1006 locutionis
461 941 616 1022 originem
638 949 670 1005 et
692 940 955 1023 significationem
983 940 1030 1003 sic
1055 939 1220 1023 explicatam

150 1051 234 1136 apud
256 1050 458 1115 scholiastam
480 1049 628 1131 legimus:
659 1044 807 1131 Ἡρακλῆς
836 1047 935 1111 πλέων
958 1045 1031 1130 μετὰ
1054 1053 1103 1128 τῆς
1119 1043 1221 1127 Ἀργοῦς

150 1159 190 1226 εἰς
212 1153 347 1243 Κόλχους
364 1157 414 1220 σὺν
432 1157 538 1219 Ἰάσονι
559 1156 588 1217 ἐν
611 1152 672 1239 Κέῳ
703 1163 740 1240 τῇ
763 1155 852 1240 Νήσιμ
881 1157 1022 1237 ἐξελθὼν,
1056 1155 1102 1218 καὶ
1128 1153 1222 1236 πέμψας

149 1267 198 1329 τὸν
218 1267 363 1349 ἐρώμενον
383 1267 471 1328 αὐτοῦ
486 1258 601 1326 Ὕλλον
624 1265 702 1348 ὕδωρ
718 1266 865 1348 ἀντλῆσαι,
889 1265 1053 1347 περιέμενεν
1075 1261 1166 1326 αὐτόν·
1182 1261 1221 1322 τοῦ
1258 1296 1262 1303 .

150 1376 183 1439 δὲ
208 1375 263 1437 ὑπὸ
291 1373 419 1458 Νυμφῶν
453 1373 666 1457 ἁρπασθέντος,
697 1370 846 1458 Ἡρακλῆς
877 1373 969 1436 πολὺν
1002 1371 1104 1457 χρόνον
1134 1371 1220 1452 ἐζήτει·

149 1484 265 1566 ὕστερον
288 1484 322 1546 δὲ
343 1481 398 1544 ὑπό
420 1505 491 1548 τινος
513 1482 642 1563 αἰθερίας
664 1488 763 1565 φωνῆς
784 1482 891 1566 ἤκουσε
918 1483 1040 1564 ,ποθεῖς
1066 1484 1111 1543 τὸν
1132 1480 1161 1542 οὐ
1179 1498 1219 1538 πα·

149 1591 243 1675 ράντα,
267 1593 313 1655 καὶ
325 1593 416 1674 μάτην
431 1590 558 1658 καλεῖςθέ.
582 1590 699 1674 ἐλήφθη
722 1588 771 1653 οὖν
794 1595 878 1654 τοῦτο
895 1592 934 1659 εἰς
949 1591 1100 1674 παροιμίαν
1120 1587 1220 1650 ἐπὶτῶν
1264 1646 1266 1671 ἱ

149 1703 240 1784 μάτην
263 1701 508 1783 προςδοκούντων.
548 1699 736 1782 ComprobO,
760 1720 840 1782 quae
862 1701 1049 1764 Duebnerus
1069 1700 1101 1762 in
1122 1696 1219 1760 aenou.
1264 1744 1266 1751 .

150 1811 220 1874 erit.
243 1810 283 1874 ad
306 1812 335 1873 h.
358 1811 378 1873 l.
407 1808 506 1872 schol.
534 1809 565 1871 in
592 1809 641 1872 ed.
669 1809 772 1872 Paris.
798 1807 877 1870 1854
909 1809 951 1873 de
981 1810 1043 1872 hoc
1076 1801 1221 1901 proverbio
1264 1844 1266 1849 -

97 1913 100 1918 ’
149 1919 299 1982 disseruit
321 1930 452 1997 „versus
473 1927 576 1980 autem
598 1917 653 1980 ille
675 1918 888 2000 proverbialis
915 1918 955 1981 de
982 1924 1119 1982 veterum
1140 1911 1220 1995 cujus

149 2027 218 2090 darn
242 2027 410 2109 tragoedia
432 2027 501 2090 sine
521 2025 619 2088 'dubio
647 2026 820 2108 derivatus,
855 2028 909 2090 ubi
932 2026 1114 2105 Herculem,
1144 2028 1173 2084 ut
1189 2016 1220 2080 ab
1264 2042 1266 2049 ·

147 2136 234 2216 Hyla
250 2137 408 2200 incassum
424 2134 605 2217 quaerendo
622 2134 798 2216 desisteret,
821 2156 884 2198 vox
900 2135 991 2199 coelo
1007 2135 1102 2197 missa
1115 2125 1220 2202 monuit,
1264 2208 1266 2215 Ι

147 2244 246 2311 ποθεῖς
268 2244 317 2304 τὸν
339 2245 372 2305 οὐ
390 2267 478 2325 παρκ
505 2269 533 2325 ρ.
550 2266 587 2325 κ.,
611 2265 692 2325 quae
714 2246 871 2309 sententia
893 2252 982 2308 tanto
1007 2262 1105 2327 opere
1122 2242 1221 2324 specta·
1264 2306 1266 2333 ,

148 2354 272 2416 toribus
292 2354 408 2430 arrisit,
433 2362 466 2417 ut
488 2354 671 2436 paroemiac
687 2355 828 2435 vulgaris
851 2354 1022 2437 privilegio
1045 2340 1219 2415 donaretur.“
1264 2370 1266 2393 ι

249 2462 297 2524 le
331 2461 438 2525 tabula
470 2463 546 2525 itam
580 2472 650 2525 orta
678 2471 727 2526 est
752 2463 872 2526 locutio
895 2462 1088 2544 Διομήδειά
1109 2457 1221 2536 ἀνάγκη
1264 2492 1266 2523 :

148 2570 180 2632 in
193 2571 307 2635 eccles.
330 2569 414 2651 1023,
438 2572 492 2634 ubi
505 2590 582 2634 anus
593 2571 717 2635 lasciva
739 2572 974 2636 adulescentem
991 2571 1159 2634 'adhortata
1177 2563 1222 2635 esti
1263 2656 1266 2661 Ι

148 2685 182 2742 ut
204 2699 238 2743 se
262 2679 385 2744 domum
408 2688 655 2764 prosequeretur
676 2682 769 2763 (δεῦρ’
791 2681 962 2742 ἀκολουθεῖν
986 2678 1027 2746 ὥς
1048 2677 1121 2761 ἐμέ).
1160 2671 1223 2737 Tum

149 2787 351 2861 adulescens:
386 2788 432 2850 καὶ
464 2790 542 2850 ταῦτ’
570 2788 681 2869 ἀνάγκη
711 2789 825 2871 μοιίστί;
859 2798 891 2853 et
923 2789 992 2852 illa:
1026 2782 1174 2870 Διομήδειά
1191 2794 1224 2857 τεο

149 2895 313 2961 Sententia
334 2897 503 2960 locutionis
519 2896 624 2960 facilis
647 2906 696 2960 est
711 2898 751 2961 ad
767 2898 1003 2983 explicandum3
1027 2917 1066 2961 ea
1085 2895 1160 2961 enim
1180 2890 1225 2961 eii

149 3025 243 3086 quarn
265 3005 398 3087 legimus
421 3026 471 3090 ap.
494 3009 605 3089 Apost.
629 3006 688 3083 VI,
715 3005 753 3067 15
776 3013 808 3070 et
831 3007 948 3070 Zenob.
972 3006 1034 3084 ΙΙΙ,
1061 3004 1081 3067 8
1103 3011 1133 3069 et
1152 2990 1223 3064 suin.

150 3133 174 3176 S.
197 3135 241 3178 v.:
274 3113 321 3175 ἐπὶ
341 3119 398 3175 τῶν
420 3113 494 3176 κατὰ
517 3115 644 3197 ἀνάγκην
666 3115 727 3175 τινά
749 3112 946 3196 πρασσόντων,
969 3116 1021 3180 vel
1042 3121 1078 3179 nt
1097 3114 1225 3176 Erasmus

150 3243 179 3305 p.
203 3221 298 3286 2321>
320 3223 463 3306 explicat
486 3223 545 3302 „de
568 3224 607 3287 iis
630 3224 729 3304 dicta,
766 3225 819 3305 qui
842 3225 874 3286 vi
897 3224 1017 3305 adacti,
1050 3243 1110 3287 uon
1132 3217 1225 3302 sponte

149 3332 224 3415 quid
248 3331 398 3395 faciunt.“
434 3332 533 3414 Origo
550 3335 638 3397 varie
661 3335 701 3396 ab
724 3333 952 3416 interpretibus
974 3333 1119 3396 traditur.
1150 3321 1226 3392 Scit>

148 3440 259 3504 liastes
282 3442 379 3504 Arist.
405 3442 485 3505 enirn
511 3442 557 3504 sic
580 3462 647 3505 eam
671 3449 793 3506 narrat:
818 3440 861 3503 ὅτι
875 3442 1023 3524 Διομήδης
1044 3433 1156 3524 cepit,
1176 3424 1220 3507 πθ

149 3571 197 3614 νας
220 3546 301 3630 ἔχιυν
324 3549 499 3631 θυγατέρας,
533 3548 601 3616 τοὺς
627 3547 780 3632 παριόντας
806 3548 901 3618 ξένους
928 3550 1059 3634 ἐβιάζετο
1082 3547 1200 3612 acinco

149 3660 247 3733 νεῐνοιι,
271 3655 328 3722 ἕως
350 3655 383 3718 οὔ
406 3655 490 3737 κόρον
514 3661 606 3741 σχῶσι
628 3658 675 3719 καὶ
695 3658 886 3721 ἀνυλωθῶσιν
909 3659 935 3720 οἱ
958 3657 1075 3741 ἀνδρες·
1107 3655 1140 3723 ἃς
1159 3646 1198 3715 aul

149 3764 242 3847 μῦθος
257 3765 359 3832 ἵππους
378 3764 628 3848 ἀνθρωποφάγους
645 3764 732 3830 εἶπεν.
767 3767 887 3832 Contra
903 3767 1091 3832 scholiastes
1104 3765 1198 3830 Plator

149 3893 218 3955 rep.
242 3871 269 3934 6.
292 3896 323 3958 p.
346 3873 456 3956 4931),
480 3896 572 3957 quem
593 3878 705 3959 Apost.
730 3886 762 3940 et
784 3877 901 3941 Zenob.
926 3878 1196 3960 exscripseruntt

149 3984 287 4062 notavit,
322 3985 475 4065 originem
505 4005 544 4048 ex
575 4005 613 4047 eo
642 3985 816 4050 ducendam
849 4006 934 4066 esse,
964 3986 1049 4073 quod
1080 3982 1180 4048 Diome

150 4092 291 4175 Tydides
326 4112 395 4155 cum
428 4114 490 4155 una
523 4113 591 4156 eum
619 4093 716 4158 Ulixe
748 4094 922 4178 palladium
948 4094 1153 4177 Trojauorum

148 4203 272 4285 puisset
304 4201 431 4280 timens,
465 4222 504 4265 ne
538 4203 569 4263 in
604 4213 710 4267 castra
738 4204 864 4268 rediens
890 4205 931 4266 ab
953 4202 1051 4269 Ulixe
1071 4206 1149 4266 neon

149 4311 231 4373 hune
255 4311 424 4391 coegisset,
448 4316 481 4372 ut
503 4313 708 4376 antecederet
730 4314 800 4376 sibi.
834 4312 882 4376 Cf.
906 4313 1027 4377 Erasm.
1051 4333 1080 4397 p.
1100 4304 1146 4373 235

150 4427 315 4505 utramque
338 4419 634 4504 interpretationem
656 4423 788 4506 recepit.
