2782 5032
582 421 624 485 27

53 625 93 707 V,
118 623 159 688 19
183 629 217 691 et
237 623 324 690 Suid.
348 644 373 689 s.
400 646 429 689 ν.
458 622 504 688 ἐπὶ
529 625 588 687 τῶν
610 622 673 687 λίαν
710 621 958 707 εὐδαιμονούντων
985 623 1032 687 καὶ
1062 625 1157 687 πάντα

53 733 255 819 κεκτημένων,
290 754 372 818 quae
394 734 505 800 eadem
528 734 718 800 scholiastes
745 734 785 798 ad
808 753 897 817 vesp.
920 732 982 796 508
1013 736 1156 819 praebet,

53 845 134 910 haee
169 842 304 910 addens:
337 845 378 909 ὡς
409 842 457 906 καί
489 841 522 905 ἐκ
553 846 611 905 τῶν
649 842 801 906 οίδονοίτων
834 840 943 927 πόρους
980 843 1155 926 κομίζεσθαι.

54 951 199 1015 ἀδύνατον
221 951 277 1035 γὰρ
296 952 325 1022 ἐξ
347 952 471 1034 ὀρνίθων
492 952 571 1033 ηοίλα
592 950 664 1014 ποτέ
686 952 798 1038 λαβεῖν·
819 952 845 1013 et
867 952 900 1014 δὲ
923 951 1158 1035 εὐδαιμονοῦντες

54 1060 100 1124 καὶ
122 1063 219 1137 τοῦτο,
232 1062 259 1124 εί
273 1061 453 1146 βουληθεῖεν,
475 1060 649 1144 πορίσαιντο.
681 1061 821 1145 Propria
831 1061 1006 1126 locutionis
1022 1062 1072 1125 vis
1088 1071 1158 1127 erat

55 1171 232 1236 seeundum
254 1174 478 1254 Anaxagoram
492 1192 542 1256 ap.
558 1172 672 1235 Athen.
696 1171 737 1234 H.
760 1170 810 1252 57,
833 1171 875 1234 D:
899 1170 932 1231 τὸ
957 1169 986 1232 ἐν
1008 1173 1067 1237 τοῖς
1089 1166 1158 1255 ᾠοῖς

55 1277 175 1363 λευκόν,
210 1281 382 1345 secundam
404 1300 497 1363 quam
518 1280 794 1365 interpretationis
828 1280 911 1343 viam
945 1281 1062 1344 institit
1084 1280 1157 1345 Sue-

55 1390 188 1454 vernius
212 1389 253 1455 de
267 1390 366 1454 Arist.
384 1411 433 1454 av.
458 1395 623 1454 comment.
647 1389 735 1472 (acta
758 1388 848 1453 acad.
871 1408 938 1471 reg.
954 1388 1060 1454 Berol.
1079 1386 1156 1451 1827

54 1519 87 1582 p.
108 1496 199 1578 254),
222 1498 402 1580 quaemihi
426 1499 552 1581 quidem
576 1494 887 1584 minime'prebatur.

155 1607 386 1690 Pervulgatam
410 1606 508 1671 fnisse
530 1607 725 1672 locutionem
747 1608 897 1672 docemur
920 1627 966 1687 ee,
990 1606 1076 1689 quod
1090 1626 1160 1691 per·

56 1735 156 1799 saepe
179 1717 330 1799 occurrit,
349 1715 390 1781 ef.
408 1715 514 1781 Strab.
533 1714 579 1798 14,
594 1715 620 1797 1,
635 1715 682 1778 15.
705 1715 803 1780 Com.
822 1717 966 1781 Muesim.
979 1735 1031 1798 ap.
1043 1715 1158 1778 Athen.

53 1826 114 1908 IX,
137 1823 200 1887 387
225 1824 280 1907 (cf.
302 1825 442 1890 Meinek.
466 1824 571 1906 frgmt.
596 1845 675 1888 com.
698 1825 756 1907 III,
778 1846 809 1910 p.
831 1824 906 1908 578)
936 1825 982 1886 καὶ
1014 1823 1047 1886 τὸ
1081 1821 1160 1905 λεγό-

55 1957 142 2018 μενον
179 1935 375 2018 σπανιώτερον
408 1935 541 2015 πάρεστιν
577 1932 698 2017 ὀρνίθων
732 1936 818 2016 γάλα.
872 1935 949 1998 Luc.
987 1935 1028 1998 de
1063 1952 1160 1997 mere.

55 2043 149 2107 cond.
174 2041 229 2110 13:
261 2041 330 2112 ἕξεις
363 2043 397 2105 τὸ
419 2047 472 2126 τῆς
489 2040 673 2124 Ἀμαλθείας
700 2041 786 2126 κέρας
816 2044 864 2106 καὶ
886 2042 1016 2126 ἀμέλξεις
1039 2042 1160 2125 ὀρνίθων

54 2153 145 2233 γάλα.
190 2151 273 2216 Plin.
289 2153 319 2218 h.
342 2173 371 2216 n.
395 2152 428 2216 in
448 2153 550 2236 praef.
573 2152 631 2216 23:
654 2154 707 2218 vel
728 2154 824 2219 laetis
839 2153 1013 2237 gallinacei
1028 2170 1159 2236 sperare

54 2261 215 2327 haustm

158 2369 283 2449 Quodsi
303 2370 337 2434 in
359 2392 408 2437 av.
432 2369 664 2455 reelegimus:

661 2481 778 2562 λέγουσι
800 2481 834 2544 δέ
855 2503 899 2543 τοι
916 2477 986 2542 τόδε
1000 2481 1118 2547 πάντες·

133 2587 231 2656 οὐδεὶς
253 2586 328 2651 οἶδεν
349 2587 398 2650 τὸν
420 2589 569 2674 θησαυρὸν
591 2589 640 2676 τὸν
663 2589 833 2674 ephraitae
858 2588 944 2657 εἴτις
967 2587 1013 2673 ἄρ’
1034 2587 1119 2671 ὄρνις,

56 2699 137 2764 haee
160 2697 283 2763 locutio
307 2707 356 2764 est
378 2699 532 2783 vulgaris,
559 2707 594 2764 ut
616 2707 714 2785 poeta
735 2701 806 2784 ipse
830 2700 926 2781 dicit,
949 2700 1058 2764 exeis
1081 2706 1161 2780 orta,

57 2827 141 2892 quae
157 2806 278 2872 Graeci
300 2809 396 2892 vulgo
419 2809 459 2874 de
480 2810 593 2874 avibus
616 2811 780 2892 putabant,
804 2829 884 2893 quas
906 2809 1075 2892 opiniones
1095 2808 1162 2871 vul·

56 2935 155 3000 gares
178 2935 279 2998 supra
305 2917 374 2999 jam
408 2919 661 2983 commemoravi.
707 2917 906 2983 scholiastes
931 2917 1052 2982 similes
1074 2916 1162 2982 lecu-

56 3027 162 3092 tiones
185 3025 291 3107 affert,
324 3046 406 3109 quae
433 3035 507 3093 sunt
531 3027 624 3096 οὐδεὶς
647 3030 796 3112 μεθεωρεῖ
815 3030 891 3112 πλὴν
913 3027 929 3089 ὁ
951 3027 1162 3111 περιπτάμενος

56 3133 133 3218 ὄρνις
155 3135 209 3200 νο]
232 3134 327 3203 οὐδεὶς
349 3133 410 3198 orae
432 3135 460 3198 τί
483 3136 629 3222 ὡμίλησα,
651 3137 726 3220 πλὴν
749 3135 837 3206 εἴτις
858 3134 941 3220 ὅρνις.
985 3135 1163 3201 Ροιοθιιιίω

56 3245 175 3330 graphi
202 3264 259 3309 eas
281 3246 525 3329 praeterierunt.

158 3355 210 3419 De.
231 3354 292 3436 eis,
316 3356 370 3439 qui
392 3355 565 3438 tranquille
583 3355 790 3439 jucundeque
812 3357 974 3436 viverent,
996 3354 1164 3419 dicebatur
1261 3408 1268 3418 .

54 3459 429 3531 ΙοοιοίίοἈλκοονίδας
451 3462 586 3547 ἡμέρας
609 3462 723 3547 ἄγειν,
746 3467 780 3529 in
798 3487 847 3530 av.
866 3463 954 3528 1594.
985 3466 1036 3529 Ex
1055 3463 1163 3528 fabula

58 3580 212 3660 prompta
235 3580 308 3636 sunt
330 3593 413 3658 quae
433 3573 645 3657 Hegesander
677 3596 727 3659 ap.
753 3574 841 3640 Suid.
872 3575 912 3639 de
933 3574 1059 3658 origine
1079 3574 1164 3637 locu·

57 3684 159 3749 tionis
180 3681 332 3747 tradidit:
357 3684 494 3767 Alcyeni
515 3683 614 3749 fuisse
628 3690 750 3769 septem
766 3683 859 3765 filias,
882 3703 1015 3767 quarum
1036 3683 1164 3748 nomina

58 3798 171 3858 essent
193 3789 366 3874 Φωσθονία,
388 3790 498 3876 Ἄνθη,
521 3791 668 3877 Μεθώνη,
689 3791 850 3874 Ἀλνίττπα,
874 3791 1033 3876 Παλλήνη,
1054 3793 1163 3877 Δριμώ,

59 3901 207 3985 Αοτερίης
230 3910 325 3985 patre
347 3907 471 3967 mortuo
494 3922 549 3966 eas
572 3903 611 3967 de
635 3903 833 3968 Canastraeo
855 3903 1077 3988 promontorio
1094 3902 1163 3967 Pal-

61 4013 153 4077 lenes
175 4013 209 4075 in
233 4032 319 4076 mare
342 4032 376 4077 se
398 4013 645 4097 praecipitasse;
679 4033 772 4095 quam
800 4013 952 4097 pietatem
975 4013 1164 4078 admiratam

62 4121 279 4207 Amphitriten
302 4122 504 4186 involucres
527 4142 581 4186 eas
604 4129 751 4202 mutasse,
776 4141 859 4206 quac
880 4124 1017 4206 apatris
1039 4124 1164 4188 nomine

57 4230 238 4313 Alcyoniae
252 4232 571 4314 nominataeessent3
595 4232 704 4295 verbis
726 4240 830 4296 antem
849 4228 1038 4299 Ἀλκοονίδες
1060 4231 1165 4315 ἡμέραι

58 4339 324 4421 tranquillitatem
359 4341 456 4404 maris
490 4339 676 4423 significari.
721 4341 872 4419 Quamvis
906 4362 946 4406 ex
972 4343 1032 4406 hac
1055 4341 1164 4406 fabula

60 4448 104 4513 ad
119 4448 292 4514 locutionis
307 4450 462 4533 originem
480 4450 705 4534 explicandam
720 4451 798 4515 nihil
814 4453 916 4536 repeti
932 4452 1043 4535 possit,
1059 4457 1164 4514 tamen

61 4558 208 4644 interest,
242 4579 282 4629 ex
302 4559 352 4627 his
373 4560 481 4630 verbis
504 4578 676 4644 cognosse,
709 4560 921 4646 Hagesandro
952 4567 1071 4650 septem
1094 4558 1164 4630 dies
