<?xml version="1.0" encoding="UTF-8"?>
<!DOCTYPE html PUBLIC "-//W3C//DTD XHTML 1.0 Transitional//EN"
    "http://www.w3.org/TR/xhtml1/DTD/xhtml1-transitional.dtd">
<html xmlns="http://www.w3.org/1999/xhtml" xml:lang="en" lang="en">
 <head>
  <title>
</title>
<meta http-equiv="Content-Type" content="text/html;charset=utf-8" />
  <meta name='ocr-system' content='tesseract 3.04.00' />
  <meta name='ocr-capabilities' content='ocr_page ocr_carea ocr_par ocr_line ocrx_word'/>
</head>
<body>
  <div class='ocr_page' id='page_1' title='image "./deproverbiisali00baucgoog_0019.png"; bbox 0 0 2782 5032; ppageno 0'>
   <div class='ocr_carea' id='block_1_1' title="bbox 780 555 817 616">
    <p class='ocr_par' dir='ltr' id='par_1_1' title="bbox 780 555 817 616">
     <span class='ocr_line' id='line_1_1' title="bbox 780 555 817 616; baseline 0 0"><span class='ocrx_word' id='word_1_1' title='bbox 780 555 817 616; x_wconf 90' lang='grc'>10</span> 
     </span>
    </p>
   </div>
   <div class='ocr_carea' id='block_1_2' title="bbox 699 643 898 655">
    <p class='ocr_par' dir='ltr' id='par_1_2' title="bbox 699 643 898 655">
     <span class='ocr_line' id='line_1_2' title="bbox 699 643 898 655; baseline -0.005 -2"><span class='ocrx_word' id='word_1_2' title='bbox 699 643 898 655; x_wconf 77' lang='grc'>...-.---..</span> 
     </span>
    </p>
   </div>
   <div class='ocr_carea' id='block_1_3' title="bbox 248 755 1354 2691">
    <p class='ocr_par' dir='ltr' id='par_1_3' title="bbox 248 755 1352 1387">
     <span class='ocr_line' id='line_1_3' title="bbox 248 755 1351 844; baseline -0.004 -22"><span class='ocrx_word' id='word_1_3' title='bbox 248 757 382 844; x_wconf 90' lang='lat' dir='ltr'>primum</span> <span class='ocrx_word' id='word_1_4' title='bbox 406 758 446 823; x_wconf 91' lang='lat' dir='ltr'>de</span> <span class='ocrx_word' id='word_1_5' title='bbox 467 758 633 823; x_wconf 77' lang='lat' dir='ltr'>sententiis</span> <span class='ocrx_word' id='word_1_6' title='bbox 656 758 860 839; x_wconf 82' lang='lat' dir='ltr'>dissererem,</span> <span class='ocrx_word' id='word_1_7' title='bbox 895 776 977 840; x_wconf 87' lang='lat' dir='ltr'>quae</span> <span class='ocrx_word' id='word_1_8' title='bbox 1001 755 1076 820; x_wconf 88' lang='lat' dir='ltr'>loco</span> <span class='ocrx_word' id='word_1_9' title='bbox 1106 755 1351 839; x_wconf 86' lang='lat' dir='ltr'>proverbiorum</span> 
     </span>
     <span class='ocr_line' id='line_1_4' title="bbox 248 865 1350 950; baseline -0.005 -19"><span class='ocrx_word' id='word_1_10' title='bbox 248 867 415 932; x_wconf 84' lang='lat' dir='ltr'>habendae</span> <span class='ocrx_word' id='word_1_11' title='bbox 430 868 501 950; x_wconf 89' lang='lat' dir='ltr'>sint,</span> <span class='ocrx_word' id='word_1_12' title='bbox 523 873 588 930; x_wconf 91' lang='lat' dir='ltr'>tum</span> <span class='ocrx_word' id='word_1_13' title='bbox 600 867 640 932; x_wconf 90' lang='lat' dir='ltr'>de</span> <span class='ocrx_word' id='word_1_14' title='bbox 651 867 847 950; x_wconf 77' lang='lat' dir='ltr'>metaphoris</span> <span class='ocrx_word' id='word_1_15' title='bbox 858 866 1136 948; x_wconf 82' lang='lat' dir='ltr'>locutionibusque</span> <span class='ocrx_word' id='word_1_16' title='bbox 1152 865 1350 947; x_wconf 82' lang='lat' dir='ltr'>vulgaribus.</span> 
     </span>
     <span class='ocr_line' id='line_1_5' title="bbox 248 974 1352 1061; baseline -0.005 -20"><span class='ocrx_word' id='word_1_17' title='bbox 248 977 320 1041; x_wconf 88' lang='lat' dir='ltr'>Hac</span> <span class='ocrx_word' id='word_1_18' title='bbox 342 976 374 1038; x_wconf 88' lang='lat' dir='ltr'>in</span> <span class='ocrx_word' id='word_1_19' title='bbox 396 983 489 1061; x_wconf 90' lang='lat' dir='ltr'>parte</span> <span class='ocrx_word' id='word_1_20' title='bbox 510 996 573 1039; x_wconf 91' lang='lat' dir='ltr'>non</span> <span class='ocrx_word' id='word_1_21' title='bbox 596 997 665 1040; x_wconf 88' lang='lat' dir='ltr'>eam</span> <span class='ocrx_word' id='word_1_22' title='bbox 687 979 842 1041; x_wconf 87' lang='lat' dir='ltr'>rationem</span> <span class='ocrx_word' id='word_1_23' title='bbox 866 981 992 1040; x_wconf 85' lang='lat' dir='ltr'>secutus</span> <span class='ocrx_word' id='word_1_24' title='bbox 1026 995 1113 1052; x_wconf 89' lang='lat' dir='ltr'>sum,</span> <span class='ocrx_word' id='word_1_25' title='bbox 1145 979 1182 1036; x_wconf 88' lang='lat' dir='ltr'>ut</span> <span class='ocrx_word' id='word_1_26' title='bbox 1213 974 1352 1057; x_wconf 86' lang='lat' dir='ltr'>primum</span> 
     </span>
     <span class='ocr_line' id='line_1_6' title="bbox 250 1083 1352 1169; baseline -0.001 -22"><span class='ocrx_word' id='word_1_27' title='bbox 250 1084 289 1150; x_wconf 88' lang='lat' dir='ltr'>de</span> <span class='ocrx_word' id='word_1_28' title='bbox 304 1085 494 1168; x_wconf 87' lang='lat' dir='ltr'>proverbiis,</span> <span class='ocrx_word' id='word_1_29' title='bbox 517 1104 598 1166; x_wconf 87' lang='lat' dir='ltr'>quae</span> <span class='ocrx_word' id='word_1_30' title='bbox 619 1086 713 1149; x_wconf 92' lang='lat' dir='ltr'>modo</span> <span class='ocrx_word' id='word_1_31' title='bbox 729 1085 931 1169; x_wconf 84' lang='lat' dir='ltr'>metaphoras</span> <span class='ocrx_word' id='word_1_32' title='bbox 947 1083 1168 1168; x_wconf 86' lang='lat' dir='ltr'>proverbiales</span> <span class='ocrx_word' id='word_1_33' title='bbox 1186 1083 1260 1163; x_wconf 84' lang='lat' dir='ltr'>dixi,</span> <span class='ocrx_word' id='word_1_34' title='bbox 1285 1089 1352 1147; x_wconf 90' lang='lat' dir='ltr'>tum</span> 
     </span>
     <span class='ocr_line' id='line_1_7' title="bbox 249 1192 1352 1276; baseline -0.002 -20"><span class='ocrx_word' id='word_1_35' title='bbox 249 1193 290 1258; x_wconf 90' lang='lat' dir='ltr'>de</span> <span class='ocrx_word' id='word_1_36' title='bbox 311 1194 525 1257; x_wconf 89' lang='lat' dir='ltr'>locutionibus</span> <span class='ocrx_word' id='word_1_37' title='bbox 541 1193 738 1276; x_wconf 84' lang='lat' dir='ltr'>dissererem,</span> <span class='ocrx_word' id='word_1_38' title='bbox 762 1194 909 1275; x_wconf 89' lang='lat' dir='ltr'>sedeam,</span> <span class='ocrx_word' id='word_1_39' title='bbox 932 1200 967 1256; x_wconf 88' lang='lat' dir='ltr'>ut</span> <span class='ocrx_word' id='word_1_40' title='bbox 977 1193 1157 1257; x_wconf 89' lang='lat' dir='ltr'>locutiones</span> <span class='ocrx_word' id='word_1_41' title='bbox 1170 1192 1263 1256; x_wconf 88' lang='lat' dir='ltr'>simul</span> <span class='ocrx_word' id='word_1_42' title='bbox 1280 1213 1352 1255; x_wconf 90' lang='lat' dir='ltr'>cum</span> 
     </span>
     <span class='ocr_line' id='line_1_8' title="bbox 249 1301 1351 1387; baseline -0.003 -21"><span class='ocrx_word' id='word_1_43' title='bbox 249 1303 296 1367; x_wconf 89' lang='lat' dir='ltr'>eis</span> <span class='ocrx_word' id='word_1_44' title='bbox 310 1302 491 1387; x_wconf 90' lang='lat' dir='ltr'>proverbiis</span> <span class='ocrx_word' id='word_1_45' title='bbox 506 1309 685 1385; x_wconf 87' lang='lat' dir='ltr'>tractarem,</span> <span class='ocrx_word' id='word_1_46' title='bbox 699 1324 781 1387; x_wconf 88' lang='lat' dir='ltr'>quac</span> <span class='ocrx_word' id='word_1_47' title='bbox 797 1324 837 1367; x_wconf 80' lang='lat' dir='ltr'>ex</span> <span class='ocrx_word' id='word_1_48' title='bbox 859 1303 971 1368; x_wconf 86' lang='lat' dir='ltr'>codem</span> <span class='ocrx_word' id='word_1_49' title='bbox 987 1302 1076 1365; x_wconf 84' lang='lat' dir='ltr'>fonte</span> <span class='ocrx_word' id='word_1_50' title='bbox 1097 1301 1245 1384; x_wconf 87' lang='lat' dir='ltr'>profecta</span> <span class='ocrx_word' id='word_1_51' title='bbox 1267 1310 1351 1364; x_wconf 91' lang='lat' dir='ltr'>sunt.</span> 
     </span>
    </p>

    <p class='ocr_par' dir='ltr' id='par_1_4' title="bbox 248 1410 1354 2691">
     <span class='ocr_line' id='line_1_9' title="bbox 348 1410 1353 1497; baseline -0.004 -22"><span class='ocrx_word' id='word_1_52' title='bbox 348 1411 462 1494; x_wconf 87' lang='lat' dir='ltr'>Itaque</span> <span class='ocrx_word' id='word_1_53' title='bbox 484 1412 517 1475; x_wconf 88' lang='lat' dir='ltr'>in</span> <span class='ocrx_word' id='word_1_54' title='bbox 540 1412 642 1476; x_wconf 87' lang='lat' dir='ltr'>altera</span> <span class='ocrx_word' id='word_1_55' title='bbox 664 1422 757 1495; x_wconf 86' lang='lat' dir='ltr'>parte</span> <span class='ocrx_word' id='word_1_56' title='bbox 779 1413 913 1497; x_wconf 91' lang='lat' dir='ltr'>primum</span> <span class='ocrx_word' id='word_1_57' title='bbox 929 1412 968 1476; x_wconf 90' lang='lat' dir='ltr'>de</span> <span class='ocrx_word' id='word_1_58' title='bbox 983 1410 1164 1497; x_wconf 86' lang='lat' dir='ltr'>proverbiis</span> <span class='ocrx_word' id='word_1_59' title='bbox 1180 1410 1353 1473; x_wconf 87' lang='lat' dir='ltr'>locutroni-</span> 
     </span>
     <span class='ocr_line' id='line_1_10' title="bbox 248 1518 1354 1604; baseline -0.001 -22"><span class='ocrx_word' id='word_1_60' title='bbox 248 1520 372 1601; x_wconf 89' lang='lat' dir='ltr'>busque</span> <span class='ocrx_word' id='word_1_61' title='bbox 394 1520 574 1602; x_wconf 87' lang='lat' dir='ltr'>disputabo,</span> <span class='ocrx_word' id='word_1_62' title='bbox 596 1540 677 1601; x_wconf 88' lang='lat' dir='ltr'>quae</span> <span class='ocrx_word' id='word_1_63' title='bbox 692 1541 712 1584; x_wconf 87' lang='lat' dir='ltr'>a</span> <span class='ocrx_word' id='word_1_64' title='bbox 727 1528 840 1585; x_wconf 89' lang='lat' dir='ltr'>natura</span> <span class='ocrx_word' id='word_1_65' title='bbox 856 1519 1104 1604; x_wconf 89' lang='lat' dir='ltr'>quadrupedum,</span> <span class='ocrx_word' id='word_1_66' title='bbox 1126 1519 1240 1597; x_wconf 87' lang='lat' dir='ltr'>avium,</span> <span class='ocrx_word' id='word_1_67' title='bbox 1263 1518 1354 1602; x_wconf 88' lang='lat' dir='ltr'>plan·</span> 
     </span>
     <span class='ocr_line' id='line_1_11' title="bbox 249 1627 1354 1712; baseline -0.003 -20"><span class='ocrx_word' id='word_1_68' title='bbox 249 1636 351 1692; x_wconf 88' lang='lat' dir='ltr'>tarum</span> <span class='ocrx_word' id='word_1_69' title='bbox 374 1629 563 1712; x_wconf 88' lang='lat' dir='ltr'>deprompta</span> <span class='ocrx_word' id='word_1_70' title='bbox 585 1636 673 1708; x_wconf 91' lang='lat' dir='ltr'>sunt;</span> <span class='ocrx_word' id='word_1_71' title='bbox 708 1630 878 1693; x_wconf 88' lang='lat' dir='ltr'>secundum</span> <span class='ocrx_word' id='word_1_72' title='bbox 902 1630 941 1694; x_wconf 89' lang='lat' dir='ltr'>de</span> <span class='ocrx_word' id='word_1_73' title='bbox 965 1629 1024 1709; x_wconf 90' lang='lat' dir='ltr'>eis,</span> <span class='ocrx_word' id='word_1_74' title='bbox 1047 1648 1129 1709; x_wconf 87' lang='lat' dir='ltr'>quae</span> <span class='ocrx_word' id='word_1_75' title='bbox 1151 1648 1192 1691; x_wconf 84' lang='lat' dir='ltr'>ex</span> <span class='ocrx_word' id='word_1_76' title='bbox 1214 1627 1354 1710; x_wconf 86' lang='lat' dir='ltr'>singula-</span> 
     </span>
     <span class='ocr_line' id='line_1_12' title="bbox 248 1737 1352 1820; baseline -0.002 -20"><span class='ocrx_word' id='word_1_77' title='bbox 248 1759 317 1800; x_wconf 91' lang='lat' dir='ltr'>rum</span> <span class='ocrx_word' id='word_1_78' title='bbox 350 1738 489 1820; x_wconf 85' lang='lat' dir='ltr'>gentium</span> <span class='ocrx_word' id='word_1_79' title='bbox 523 1737 744 1820; x_wconf 89' lang='lat' dir='ltr'>hominumque</span> <span class='ocrx_word' id='word_1_80' title='bbox 778 1739 885 1803; x_wconf 90' lang='lat' dir='ltr'>indole</span> <span class='ocrx_word' id='word_1_81' title='bbox 918 1738 1122 1819; x_wconf 89' lang='lat' dir='ltr'>moribusque</span> <span class='ocrx_word' id='word_1_82' title='bbox 1158 1744 1229 1799; x_wconf 89' lang='lat' dir='ltr'>orta</span> <span class='ocrx_word' id='word_1_83' title='bbox 1263 1743 1352 1817; x_wconf 84' lang='lat' dir='ltr'>sunt;</span> 
     </span>
     <span class='ocr_line' id='line_1_13' title="bbox 248 1846 1352 1932; baseline -0.004 -22"><span class='ocrx_word' id='word_1_84' title='bbox 248 1847 376 1910; x_wconf 91' lang='lat' dir='ltr'>tortium</span> <span class='ocrx_word' id='word_1_85' title='bbox 396 1846 437 1910; x_wconf 89' lang='lat' dir='ltr'>iis</span> <span class='ocrx_word' id='word_1_86' title='bbox 459 1866 588 1930; x_wconf 89' lang='lat' dir='ltr'>operam</span> <span class='ocrx_word' id='word_1_87' title='bbox 611 1847 707 1920; x_wconf 85' lang='lat' dir='ltr'>dabo,</span> <span class='ocrx_word' id='word_1_88' title='bbox 743 1869 825 1932; x_wconf 87' lang='lat' dir='ltr'>quae</span> <span class='ocrx_word' id='word_1_89' title='bbox 849 1868 866 1912; x_wconf 88' lang='lat' dir='ltr'>e</span> <span class='ocrx_word' id='word_1_90' title='bbox 888 1847 1040 1911; x_wconf 89' lang='lat' dir='ltr'>memoria</span> <span class='ocrx_word' id='word_1_91' title='bbox 1061 1867 1165 1910; x_wconf 91' lang='lat' dir='ltr'>rerum</span> <span class='ocrx_word' id='word_1_92' title='bbox 1188 1852 1352 1926; x_wconf 83' lang='lat' dir='ltr'>gestarum</span> 
     </span>
     <span class='ocr_line' id='line_1_14' title="bbox 249 1953 1353 2040; baseline -0.002 -23"><span class='ocrx_word' id='word_1_93' title='bbox 249 1954 396 2039; x_wconf 86' lang='lat' dir='ltr'>prolecta</span> <span class='ocrx_word' id='word_1_94' title='bbox 418 1963 503 2037; x_wconf 83' lang='lat' dir='ltr'>sunt;</span> <span class='ocrx_word' id='word_1_95' title='bbox 527 1963 674 2037; x_wconf 88' lang='lat' dir='ltr'>quartum</span> <span class='ocrx_word' id='word_1_96' title='bbox 697 1958 751 2038; x_wconf 83' lang='lat' dir='ltr'>eia,</span> <span class='ocrx_word' id='word_1_97' title='bbox 773 1976 856 2040; x_wconf 89' lang='lat' dir='ltr'>quae</span> <span class='ocrx_word' id='word_1_98' title='bbox 878 1977 917 2020; x_wconf 84' lang='lat' dir='ltr'>ex</span> <span class='ocrx_word' id='word_1_99' title='bbox 940 1956 1074 2018; x_wconf 88' lang='lat' dir='ltr'>historia</span> <span class='ocrx_word' id='word_1_100' title='bbox 1095 1953 1234 2017; x_wconf 86' lang='lat' dir='ltr'>fabulari</span> <span class='ocrx_word' id='word_1_101' title='bbox 1256 1953 1353 2034; x_wconf 87' lang='lat' dir='ltr'>origi·</span> 
     </span>
     <span class='ocr_line' id='line_1_15' title="bbox 248 2063 1353 2158; baseline -0.002 -32"><span class='ocrx_word' id='word_1_102' title='bbox 248 2083 326 2158; x_wconf 63' lang='lat' dir='ltr'>nem</span> <span class='ocrx_word' id='word_1_103' title='bbox 341 2064 510 2144; x_wconf 74' lang='lat' dir='ltr'>duxerunt,</span> <span class='ocrx_word' id='word_1_104' title='bbox 546 2065 686 2147; x_wconf 90' lang='lat' dir='ltr'>quintum</span> <span class='ocrx_word' id='word_1_105' title='bbox 711 2086 750 2129; x_wconf 89' lang='lat' dir='ltr'>ea</span> <span class='ocrx_word' id='word_1_106' title='bbox 772 2064 935 2129; x_wconf 86' lang='lat' dir='ltr'>afferenda</span> <span class='ocrx_word' id='word_1_107' title='bbox 957 2071 1061 2145; x_wconf 90' lang='lat' dir='ltr'>erunt,</span> <span class='ocrx_word' id='word_1_108' title='bbox 1090 2083 1171 2146; x_wconf 83' lang='lat' dir='ltr'>quae</span> <span class='ocrx_word' id='word_1_109' title='bbox 1200 2064 1241 2125; x_wconf 92' lang='lat' dir='ltr'>ab</span> <span class='ocrx_word' id='word_1_110' title='bbox 1264 2063 1353 2125; x_wconf 89' lang='lat' dir='ltr'>insti·</span> 
     </span>
     <span class='ocr_line' id='line_1_16' title="bbox 249 2173 1353 2257; baseline -0.001 -21"><span class='ocrx_word' id='word_1_111' title='bbox 249 2173 325 2236; x_wconf 88' lang='lat' dir='ltr'>tutis</span> <span class='ocrx_word' id='word_1_112' title='bbox 349 2173 538 2254; x_wconf 89' lang='lat' dir='ltr'>quibusdam</span> <span class='ocrx_word' id='word_1_113' title='bbox 560 2174 706 2257; x_wconf 84' lang='lat' dir='ltr'>profecta</span> <span class='ocrx_word' id='word_1_114' title='bbox 730 2181 815 2256; x_wconf 86' lang='lat' dir='ltr'>sunt;</span> <span class='ocrx_word' id='word_1_115' title='bbox 851 2183 972 2237; x_wconf 84' lang='lat' dir='ltr'>sextum</span> <span class='ocrx_word' id='word_1_116' title='bbox 995 2173 1132 2255; x_wconf 89' lang='lat' dir='ltr'>denique</span> <span class='ocrx_word' id='word_1_117' title='bbox 1155 2193 1201 2252; x_wconf 89' lang='lat' dir='ltr'>ea,</span> <span class='ocrx_word' id='word_1_118' title='bbox 1224 2192 1308 2254; x_wconf 90' lang='lat' dir='ltr'>quae</span> <span class='ocrx_word' id='word_1_119' title='bbox 1332 2192 1353 2234; x_wconf 86' lang='lat' dir='ltr'>a</span> 
     </span>
     <span class='ocr_line' id='line_1_17' title="bbox 250 2280 1351 2366; baseline -0.002 -22"><span class='ocrx_word' id='word_1_120' title='bbox 250 2281 446 2363; x_wconf 89' lang='lat' dir='ltr'>quotidianis</span> <span class='ocrx_word' id='word_1_121' title='bbox 473 2283 632 2346; x_wconf 90' lang='lat' dir='ltr'>hominum</span> <span class='ocrx_word' id='word_1_122' title='bbox 659 2283 923 2366; x_wconf 82' lang='lat' dir='ltr'>occupationibus</span> <span class='ocrx_word' id='word_1_123' title='bbox 951 2282 1137 2363; x_wconf 90' lang='lat' dir='ltr'>artibusque</span> <span class='ocrx_word' id='word_1_124' title='bbox 1161 2280 1351 2363; x_wconf 87' lang='lat' dir='ltr'>quibusdam</span> 
     </span>
     <span class='ocr_line' id='line_1_18' title="bbox 248 2389 1351 2475; baseline -0.003 -21"><span class='ocrx_word' id='word_1_125' title='bbox 248 2390 352 2474; x_wconf 87' lang='lat' dir='ltr'>petita</span> <span class='ocrx_word' id='word_1_126' title='bbox 375 2397 462 2474; x_wconf 82' lang='lat' dir='ltr'>sunt;</span> <span class='ocrx_word' id='word_1_127' title='bbox 497 2392 548 2456; x_wconf 92' lang='lat' dir='ltr'>cui</span> <span class='ocrx_word' id='word_1_128' title='bbox 576 2393 661 2475; x_wconf 89' lang='lat' dir='ltr'>parti</span> <span class='ocrx_word' id='word_1_129' title='bbox 684 2392 840 2475; x_wconf 87' lang='lat' dir='ltr'>quaedam</span> <span class='ocrx_word' id='word_1_130' title='bbox 866 2390 1043 2454; x_wconf 90' lang='lat' dir='ltr'>locutiones</span> <span class='ocrx_word' id='word_1_131' title='bbox 1066 2389 1284 2471; x_wconf 85' lang='lat' dir='ltr'>formulaeque</span> <span class='ocrx_word' id='word_1_132' title='bbox 1307 2389 1351 2451; x_wconf 92' lang='lat' dir='ltr'>di·</span> 
     </span>
     <span class='ocr_line' id='line_1_19' title="bbox 249 2498 1349 2584; baseline -0.003 -22"><span class='ocrx_word' id='word_1_133' title='bbox 249 2499 343 2562; x_wconf 89' lang='lat' dir='ltr'>cendi</span> <span class='ocrx_word' id='word_1_134' title='bbox 367 2498 537 2582; x_wconf 88' lang='lat' dir='ltr'>addentur,</span> <span class='ocrx_word' id='word_1_135' title='bbox 561 2521 643 2583; x_wconf 88' lang='lat' dir='ltr'>quae</span> <span class='ocrx_word' id='word_1_136' title='bbox 665 2501 791 2565; x_wconf 88' lang='lat' dir='ltr'>omnino</span> <span class='ocrx_word' id='word_1_137' title='bbox 814 2501 969 2584; x_wconf 87' lang='lat' dir='ltr'>partibus,</span> <span class='ocrx_word' id='word_1_138' title='bbox 994 2519 1072 2582; x_wconf 88' lang='lat' dir='ltr'>quas</span> <span class='ocrx_word' id='word_1_139' title='bbox 1095 2498 1349 2576; x_wconf 88' lang='lat' dir='ltr'>commemoravi,</span> 
     </span>
     <span class='ocr_line' id='line_1_20' title="bbox 248 2608 732 2691; baseline 0.006 -21"><span class='ocrx_word' id='word_1_140' title='bbox 248 2608 380 2670; x_wconf 89' lang='lat' dir='ltr'>attribui</span> <span class='ocrx_word' id='word_1_141' title='bbox 402 2627 466 2671; x_wconf 90' lang='lat' dir='ltr'>non</span> <span class='ocrx_word' id='word_1_142' title='bbox 486 2614 667 2691; x_wconf 86' lang='lat' dir='ltr'>potuerunt.</span> <span class='ocrx_word' id='word_1_143' title='bbox 694 2642 732 2652; x_wconf 84' lang='lat'>-</span> 
     </span>
    </p>
   </div>
   <div class='ocr_carea' id='block_1_4' title="bbox 619 2777 961 3020">
    <p class='ocr_par' dir='ltr' id='par_1_5' title="bbox 619 2777 961 3020">
     <span class='ocr_line' id='line_1_21' title="bbox 782 2777 824 2853; baseline 0 0"><span class='ocrx_word' id='word_1_144' title='bbox 782 2777 824 2853; x_wconf 81' lang='grc' dir='ltr'>Α.</span> 
     </span>
     <span class='ocr_line' id='line_1_22' title="bbox 619 2939 961 3020; baseline 0 0"><span class='ocrx_word' id='word_1_145' title='bbox 619 2939 684 3020; x_wconf 82' lang='lat' dir='ltr'>Ile</span> <span class='ocrx_word' id='word_1_146' title='bbox 712 2939 961 3020; x_wconf 74' lang='lat' dir='ltr'>sententiis,</span> 
     </span>
    </p>
   </div>
   <div class='ocr_carea' id='block_1_5' title="bbox 249 3109 1364 3958">
    <p class='ocr_par' dir='ltr' id='par_1_6' title="bbox 249 3109 1364 3735">
     <span class='ocr_line' id='line_1_23' title="bbox 351 3109 1356 3192; baseline -0.003 -19"><span class='ocrx_word' id='word_1_147' title='bbox 351 3109 535 3191; x_wconf 84' lang='lat' dir='ltr'>Perpaucas</span> <span class='ocrx_word' id='word_1_148' title='bbox 563 3115 685 3172; x_wconf 88' lang='lat' dir='ltr'>tantum</span> <span class='ocrx_word' id='word_1_149' title='bbox 713 3110 887 3172; x_wconf 88' lang='lat' dir='ltr'>sententias</span> <span class='ocrx_word' id='word_1_150' title='bbox 915 3110 948 3172; x_wconf 91' lang='lat' dir='ltr'>in</span> <span class='ocrx_word' id='word_1_151' title='bbox 974 3110 1200 3192; x_wconf 86' lang='lat' dir='ltr'>Aristophanis</span> <span class='ocrx_word' id='word_1_152' title='bbox 1230 3126 1356 3173; x_wconf 89' lang='lat' dir='ltr'>comoe-</span> 
     </span>
     <span class='ocr_line' id='line_1_24' title="bbox 249 3215 1358 3299; baseline -0.001 -19"><span class='ocrx_word' id='word_1_153' title='bbox 249 3217 312 3280; x_wconf 89' lang='lat' dir='ltr'>diis</span> <span class='ocrx_word' id='word_1_154' title='bbox 334 3217 480 3299; x_wconf 90' lang='lat' dir='ltr'>reperiri,</span> <span class='ocrx_word' id='word_1_155' title='bbox 503 3237 566 3280; x_wconf 90' lang='lat' dir='ltr'>non</span> <span class='ocrx_word' id='word_1_156' title='bbox 588 3225 637 3280; x_wconf 89' lang='lat' dir='ltr'>est</span> <span class='ocrx_word' id='word_1_157' title='bbox 657 3215 842 3297; x_wconf 89' lang='lat' dir='ltr'>mirandum,</span> <span class='ocrx_word' id='word_1_158' title='bbox 868 3219 1015 3299; x_wconf 89' lang='lat' dir='ltr'>quoniam</span> <span class='ocrx_word' id='word_1_159' title='bbox 1036 3220 1162 3282; x_wconf 90' lang='lat' dir='ltr'>omnino</span> <span class='ocrx_word' id='word_1_160' title='bbox 1177 3220 1210 3282; x_wconf 93' lang='lat' dir='ltr'>in</span> <span class='ocrx_word' id='word_1_161' title='bbox 1227 3235 1358 3282; x_wconf 87' lang='lat' dir='ltr'>comoe-</span> 
     </span>
     <span class='ocr_line' id='line_1_25' title="bbox 251 3325 1364 3410; baseline -0.001 -22"><span class='ocrx_word' id='word_1_162' title='bbox 251 3326 318 3406; x_wconf 87' lang='lat' dir='ltr'>dia,</span> <span class='ocrx_word' id='word_1_163' title='bbox 352 3345 434 3407; x_wconf 86' lang='lat' dir='ltr'>quae</span> <span class='ocrx_word' id='word_1_164' title='bbox 456 3325 535 3389; x_wconf 90' lang='lat' dir='ltr'>vitia</span> <span class='ocrx_word' id='word_1_165' title='bbox 563 3344 729 3407; x_wconf 88' lang='lat' dir='ltr'>moresque</span> <span class='ocrx_word' id='word_1_166' title='bbox 756 3345 873 3407; x_wconf 83' lang='lat' dir='ltr'>pravos</span> <span class='ocrx_word' id='word_1_167' title='bbox 902 3327 1011 3410; x_wconf 89' lang='lat' dir='ltr'>populi</span> <span class='ocrx_word' id='word_1_168' title='bbox 1039 3328 1191 3409; x_wconf 87' lang='lat' dir='ltr'>castiget,</span> <span class='ocrx_word' id='word_1_169' title='bbox 1223 3348 1286 3391; x_wconf 93' lang='lat' dir='ltr'>non</span> <span class='ocrx_word' id='word_1_170' title='bbox 1309 3343 1364 3388; x_wconf 84' lang='lat' dir='ltr'>ea</span> 
     </span>
     <span class='ocr_line' id='line_1_26' title="bbox 253 3433 1361 3520; baseline -0.002 -22"><span class='ocrx_word' id='word_1_171' title='bbox 253 3442 442 3518; x_wconf 86' lang='lat' dir='ltr'>argumenta</span> <span class='ocrx_word' id='word_1_172' title='bbox 458 3433 667 3514; x_wconf 89' lang='lat' dir='ltr'>continentur,</span> <span class='ocrx_word' id='word_1_173' title='bbox 691 3453 772 3516; x_wconf 90' lang='lat' dir='ltr'>quae</span> <span class='ocrx_word' id='word_1_174' title='bbox 792 3434 897 3497; x_wconf 90' lang='lat' dir='ltr'>multis</span> <span class='ocrx_word' id='word_1_175' title='bbox 913 3437 1079 3499; x_wconf 84' lang='lat' dir='ltr'>sententiis</span> <span class='ocrx_word' id='word_1_176' title='bbox 1095 3446 1171 3520; x_wconf 89' lang='lat' dir='ltr'>apte</span> <span class='ocrx_word' id='word_1_177' title='bbox 1188 3440 1361 3500; x_wconf 86' lang='lat' dir='ltr'>ornentur.</span> 
     </span>
     <span class='ocr_line' id='line_1_27' title="bbox 249 3541 1364 3628; baseline -0.004 -19"><span class='ocrx_word' id='word_1_178' title='bbox 249 3547 356 3628; x_wconf 86' lang='lat' dir='ltr'>Atque</span> <span class='ocrx_word' id='word_1_179' title='bbox 377 3562 418 3608; x_wconf 87' lang='lat' dir='ltr'>ne</span> <span class='ocrx_word' id='word_1_180' title='bbox 440 3562 548 3606; x_wconf 90' lang='lat' dir='ltr'>omnes</span> <span class='ocrx_word' id='word_1_181' title='bbox 571 3541 699 3624; x_wconf 91' lang='lat' dir='ltr'>quidem</span> <span class='ocrx_word' id='word_1_182' title='bbox 719 3544 892 3607; x_wconf 89' lang='lat' dir='ltr'>sententias</span> <span class='ocrx_word' id='word_1_183' title='bbox 920 3564 980 3627; x_wconf 94' lang='lat' dir='ltr'>pro</span> <span class='ocrx_word' id='word_1_184' title='bbox 1002 3546 1184 3626; x_wconf 87' lang='lat' dir='ltr'>proverbiis</span> <span class='ocrx_word' id='word_1_185' title='bbox 1205 3565 1275 3610; x_wconf 89' lang='lat' dir='ltr'>esse</span> <span class='ocrx_word' id='word_1_186' title='bbox 1297 3543 1364 3604; x_wconf 87' lang='lat' dir='ltr'>ha·</span> 
     </span>
     <span class='ocr_line' id='line_1_28' title="bbox 250 3650 875 3735; baseline 0 -18"><span class='ocrx_word' id='word_1_187' title='bbox 250 3652 380 3733; x_wconf 87' lang='lat' dir='ltr'>bendas,</span> <span class='ocrx_word' id='word_1_188' title='bbox 399 3652 467 3735; x_wconf 88' lang='lat' dir='ltr'>jam</span> <span class='ocrx_word' id='word_1_189' title='bbox 490 3671 587 3734; x_wconf 89' lang='lat' dir='ltr'>supra</span> <span class='ocrx_word' id='word_1_190' title='bbox 610 3650 765 3732; x_wconf 86' lang='lat' dir='ltr'>admonui,</span> <span class='ocrx_word' id='word_1_191' title='bbox 788 3652 875 3717; x_wconf 88' lang='lat' dir='ltr'>velut</span> 
     </span>
    </p>

    <p class='ocr_par' dir='ltr' id='par_1_7' title="bbox 291 3782 1265 3958">
     <span class='ocr_line' id='line_1_29' title="bbox 291 3782 1265 3872; baseline -0.002 -23"><span class='ocrx_word' id='word_1_192' title='bbox 291 3787 324 3849; x_wconf 88' lang='lat' dir='ltr'>in</span> <span class='ocrx_word' id='word_1_193' title='bbox 346 3805 394 3850; x_wconf 87' lang='lat' dir='ltr'>av.</span> <span class='ocrx_word' id='word_1_194' title='bbox 417 3782 478 3848; x_wconf 80' lang='lat'>375</span> <span class='ocrx_word' id='word_1_195' title='bbox 501 3782 549 3844; x_wconf 87' lang='grc' dir='ltr'>ἀπ’</span> <span class='ocrx_word' id='word_1_196' title='bbox 572 3783 689 3868; x_wconf 71' lang='grc' dir='ltr'>ἐχθρῶν</span> <span class='ocrx_word' id='word_1_197' title='bbox 712 3784 787 3865; x_wconf 85' lang='grc' dir='ltr'>δῆτα</span> <span class='ocrx_word' id='word_1_198' title='bbox 808 3785 905 3848; x_wconf 80' lang='grc' dir='ltr'>πολλὰ</span> <span class='ocrx_word' id='word_1_199' title='bbox 927 3786 1106 3869; x_wconf 75' lang='grc' dir='ltr'>μανθάνουσι</span> <span class='ocrx_word' id='word_1_200' title='bbox 1124 3787 1150 3848; x_wconf 89' lang='grc' dir='ltr'>οἱ</span> <span class='ocrx_word' id='word_1_201' title='bbox 1172 3786 1265 3872; x_wconf 78' lang='grc' dir='ltr'>σοφοί,</span> 
     </span>
     <span class='ocr_line' id='line_1_30' title="bbox 294 3890 691 3958; baseline -0.008 -2"><span class='ocrx_word' id='word_1_202' title='bbox 294 3894 344 3958; x_wconf 84' lang='grc' dir='ltr'>νο]</span> <span class='ocrx_word' id='word_1_203' title='bbox 367 3893 492 3958; x_wconf 88' lang='lat' dir='ltr'>Thesm.</span> <span class='ocrx_word' id='word_1_204' title='bbox 520 3890 691 3953; x_wconf 82' lang='lat'>1130-31.</span> 
     </span>
    </p>
   </div>
   <div class='ocr_carea' id='block_1_6' title="bbox 293 4014 954 4103">
    <p class='ocr_par' dir='ltr' id='par_1_8' title="bbox 293 4014 954 4103">
     <span class='ocr_line' id='line_1_31' title="bbox 293 4014 954 4103; baseline -0.008 -21"><span class='ocrx_word' id='word_1_205' title='bbox 293 4024 414 4086; x_wconf 81' lang='grc' dir='ltr'>σκαιοῖσι</span> <span class='ocrx_word' id='word_1_206' title='bbox 435 4019 490 4100; x_wconf 70' lang='grc' dir='ltr'>γάρ</span> <span class='ocrx_word' id='word_1_207' title='bbox 513 4039 557 4079; x_wconf 85' lang='grc' dir='ltr'>τοι</span> <span class='ocrx_word' id='word_1_208' title='bbox 578 4014 660 4077; x_wconf 80' lang='grc' dir='ltr'>καινὰ</span> <span class='ocrx_word' id='word_1_209' title='bbox 682 4015 852 4100; x_wconf 66' lang='grc' dir='ltr'>προσφέρων</span> <span class='ocrx_word' id='word_1_210' title='bbox 875 4019 954 4103; x_wconf 80' lang='grc' dir='ltr'>σοφοί</span> 
     </span>
    </p>
   </div>
   <div class='ocr_carea' id='block_1_7' title="bbox 295 4122 640 4214">
    <p class='ocr_par' dir='ltr' id='par_1_9' title="bbox 295 4122 640 4214">
     <span class='ocr_line' id='line_1_32' title="bbox 295 4122 640 4214; baseline -0.017 -23"><span class='ocrx_word' id='word_1_211' title='bbox 295 4130 387 4214; x_wconf 77' lang='grc' dir='ltr'>μάτην</span> <span class='ocrx_word' id='word_1_212' title='bbox 411 4125 573 4192; x_wconf 78' lang='grc' dir='ltr'>ἀναλίσκοις</span> <span class='ocrx_word' id='word_1_213' title='bbox 597 4122 640 4186; x_wconf 82' lang='grc' dir='ltr'>ἅν.</span> 
     </span>
    </p>
   </div>
   <div class='ocr_carea' id='block_1_8' title="bbox 250 4241 1345 4775">
    <p class='ocr_par' dir='ltr' id='par_1_10' title="bbox 250 4241 1345 4775">
     <span class='ocr_line' id='line_1_33' title="bbox 353 4241 1345 4331; baseline 0.005 -21"><span class='ocrx_word' id='word_1_214' title='bbox 353 4247 452 4310; x_wconf 88' lang='lat' dir='ltr'>Plura</span> <span class='ocrx_word' id='word_1_215' title='bbox 472 4242 566 4325; x_wconf 84' lang='lat' dir='ltr'>hujus</span> <span class='ocrx_word' id='word_1_216' title='bbox 588 4241 715 4321; x_wconf 75' lang='lat' dir='ltr'>generis</span> <span class='ocrx_word' id='word_1_217' title='bbox 731 4243 955 4306; x_wconf 86' lang='lat' dir='ltr'>sententiarum</span> <span class='ocrx_word' id='word_1_218' title='bbox 974 4247 1120 4328; x_wconf 81' lang='lat' dir='ltr'>exempla</span> <span class='ocrx_word' id='word_1_219' title='bbox 1143 4250 1257 4315; x_wconf 84' lang='lat' dir='ltr'>afferre</span> <span class='ocrx_word' id='word_1_220' title='bbox 1280 4253 1345 4331; x_wconf 72' lang='lat' dir='ltr'>pos</span> 
     </span>
     <span class='ocr_line' id='line_1_34' title="bbox 251 4349 1345 4438; baseline 0.002 -17"><span class='ocrx_word' id='word_1_221' title='bbox 251 4379 334 4438; x_wconf 89' lang='lat' dir='ltr'>sum;</span> <span class='ocrx_word' id='word_1_222' title='bbox 362 4354 419 4419; x_wconf 89' lang='lat' dir='ltr'>sed</span> <span class='ocrx_word' id='word_1_223' title='bbox 437 4353 504 4435; x_wconf 89' lang='lat' dir='ltr'>jam</span> <span class='ocrx_word' id='word_1_224' title='bbox 527 4370 565 4414; x_wconf 85' lang='lat' dir='ltr'>cx</span> <span class='ocrx_word' id='word_1_225' title='bbox 589 4349 637 4413; x_wconf 87' lang='lat' dir='ltr'>his</span> <span class='ocrx_word' id='word_1_226' title='bbox 659 4355 802 4431; x_wconf 86' lang='lat' dir='ltr'>apparet,</span> <span class='ocrx_word' id='word_1_227' title='bbox 826 4369 888 4412; x_wconf 90' lang='lat' dir='ltr'>non</span> <span class='ocrx_word' id='word_1_228' title='bbox 915 4372 1023 4417; x_wconf 90' lang='lat' dir='ltr'>omncs</span> <span class='ocrx_word' id='word_1_229' title='bbox 1046 4360 1220 4422; x_wconf 87' lang='lat' dir='ltr'>sententias</span> <span class='ocrx_word' id='word_1_230' title='bbox 1244 4361 1276 4422; x_wconf 92' lang='lat' dir='ltr'>in</span> <span class='ocrx_word' id='word_1_231' title='bbox 1300 4363 1345 4414; x_wconf 83' lang='lat'>1111</span> 
     </span>
     <span class='ocr_line' id='line_1_35' title="bbox 250 4456 1345 4551; baseline -0.003 -18"><span class='ocrx_word' id='word_1_232' title='bbox 250 4486 338 4533; x_wconf 88' lang='lat' dir='ltr'>mero</span> <span class='ocrx_word' id='word_1_233' title='bbox 360 4459 602 4550; x_wconf 83' lang='lat' dir='ltr'>proverbiorum</span> <span class='ocrx_word' id='word_1_234' title='bbox 625 4457 787 4521; x_wconf 87' lang='lat' dir='ltr'>habendas</span> <span class='ocrx_word' id='word_1_235' title='bbox 810 4477 889 4537; x_wconf 89' lang='lat' dir='ltr'>essa,</span> <span class='ocrx_word' id='word_1_236' title='bbox 914 4461 969 4524; x_wconf 89' lang='lat' dir='ltr'>sod</span> <span class='ocrx_word' id='word_1_237' title='bbox 990 4481 1044 4524; x_wconf 88' lang='lat' dir='ltr'>eas</span> <span class='ocrx_word' id='word_1_238' title='bbox 1065 4470 1192 4548; x_wconf 88' lang='lat' dir='ltr'>tanturn,</span> <span class='ocrx_word' id='word_1_239' title='bbox 1214 4487 1295 4551; x_wconf 86' lang='lat' dir='ltr'>quae</span> <span class='ocrx_word' id='word_1_240' title='bbox 1321 4456 1345 4520; x_wconf 79' lang='lat' dir='ltr'>il</span> 
     </span>
     <span class='ocr_line' id='line_1_36' title="bbox 252 4565 1345 4661; baseline -0.006 -18"><span class='ocrx_word' id='word_1_241' title='bbox 252 4583 373 4643; x_wconf 91' lang='lat' dir='ltr'>certam</span> <span class='ocrx_word' id='word_1_242' title='bbox 396 4571 528 4636; x_wconf 88' lang='lat' dir='ltr'>sormam</span> <span class='ocrx_word' id='word_1_243' title='bbox 552 4568 616 4631; x_wconf 91' lang='lat' dir='ltr'>sint</span> <span class='ocrx_word' id='word_1_244' title='bbox 638 4565 802 4646; x_wconf 63' lang='lat' dir='ltr'>reductam</span> <span class='ocrx_word' id='word_1_245' title='bbox 838 4566 928 4648; x_wconf 89' lang='lat' dir='ltr'>cujus</span> <span class='ocrx_word' id='word_1_246' title='bbox 951 4572 1076 4651; x_wconf 86' lang='lat' dir='ltr'>generis</span> <span class='ocrx_word' id='word_1_247' title='bbox 1099 4578 1245 4661; x_wconf 84' lang='lat' dir='ltr'>exempla</span> <span class='ocrx_word' id='word_1_248' title='bbox 1267 4581 1345 4661; x_wconf 72' lang='lat' dir='ltr'>qua⁴</span> 
     </span>
     <span class='ocr_line' id='line_1_37' title="bbox 252 4673 1275 4775; baseline 0 -23"><span class='ocrx_word' id='word_1_249' title='bbox 252 4688 285 4763; x_wconf 86' lang='lat' dir='ltr'>iu</span> <span class='ocrx_word' id='word_1_250' title='bbox 307 4678 535 4775; x_wconf 85' lang='lat' dir='ltr'>Aristophanis</span> <span class='ocrx_word' id='word_1_251' title='bbox 558 4673 733 4747; x_wconf 80' lang='lat' dir='ltr'>comoediis</span> <span class='ocrx_word' id='word_1_252' title='bbox 756 4673 831 4745; x_wconf 86' lang='lat' dir='ltr'>mihi</span> <span class='ocrx_word' id='word_1_253' title='bbox 854 4686 1068 4755; x_wconf 79' lang='lat' dir='ltr'>occurrerunt,</span> <span class='ocrx_word' id='word_1_254' title='bbox 1091 4682 1171 4754; x_wconf 84' lang='lat' dir='ltr'>haec</span> <span class='ocrx_word' id='word_1_255' title='bbox 1194 4695 1275 4758; x_wconf 88' lang='lat' dir='ltr'>sunt.</span> 
     </span>
    </p>
   </div>
   <div class='ocr_carea' id='block_1_9' title="bbox 0 0 1400 5028">
    <p class='ocr_par' dir='ltr' id='par_1_11' title="bbox 0 0 1400 5028">
     <span class='ocr_line' id='line_1_38' title="bbox 0 0 1400 5028; baseline 0 0"><span class='ocrx_word' id='word_1_256' title='bbox 0 0 1400 5028; x_wconf 95' lang='lat' dir='ltr'> </span> 
     </span>
    </p>
   </div>
  </div>
 </body>
</html>
