2782 5032
699 272 898 371 „A

250 494 312 540 non
335 481 391 556 est,
418 474 474 539 sed
496 481 561 539 turn
583 473 706 538 demum
729 475 761 538 in
784 495 893 539 omnes
915 480 1025 558 partes
1044 472 1238 538 locutionem
1261 472 1350 537 intel·

197 574 200 579 ⁴
248 583 379 665 laxeris,
403 584 430 647 si
457 583 540 648 unde
562 591 635 648 orta
656 585 699 648 sit
727 584 925 666 cognoveris.
961 581 1040 648 Cum
1060 583 1151 665 origo
1174 582 1349 647 locutionis

249 692 360 775 ignota
382 699 480 773 esset,
502 692 621 756 factum
644 701 708 775 est,
735 700 853 757 utnon
877 693 977 757 solum
1001 692 1247 756 scholiastarum
1269 711 1350 755 uuus

249 821 364 866 rocem
383 804 473 884 κρεῶν
496 821 555 885 per
574 806 683 884 νεκρῶν
705 804 980 886 interpretaretur,
1004 801 1062 865 sed
1082 801 1177 866 ctiam
1193 801 1351 866 recentio-

249 931 301 975 res
331 911 460 975 codioes
485 911 656 976 lectionem
682 916 790 996 νεκρῶν
807 891 876 993 pro
905 914 998 994 κρεῶν
1023 911 1214 994 reciperent.
1270 909 1351 974 Nam

250 1040 320 1084 cunr
342 1028 417 1104 post
437 1020 593 1104 proelium
615 1022 814 1085 commissum
836 1021 981 1084 homines
1008 1020 1123 1084 mortui
1145 1039 1210 1082 non
1232 1018 1351 1104 sepulti

250 1134 365 1211 essent,
397 1129 587 1194 scholiastes
617 1129 675 1192 illa
700 1131 800 1194 verba
822 1129 868 1193 sic
891 1130 1119 1212 interpretatus
1142 1137 1206 1192 est:
1245 1128 1351 1190 δαῦλον

249 1236 303 1300 οὐκ
325 1235 397 1320 ἅνω,
421 1237 446 1300 εἰ
468 1240 507 1321 μὴ
530 1235 671 1322 ἀνῄρηται
692 1237 759 1305 τοὺς
781 1235 813 1299 ἐκ
835 1241 886 1321 τῆς
911 1238 1063 1320 θαλάσσης
1085 1236 1212 1319 νεκρούς.
1264 1235 1350 1314 Quae

248 1347 470 1432 interpretatio
493 1345 576 1410 falsa
597 1347 770 1431 inepta-que
792 1353 850 1411 est.
905 1348 1012 1412 Petita
1038 1347 1121 1411 enim
1150 1351 1224 1410 sunt
1251 1348 1350 1411 verba

248 1455 313 1539 περὶ
334 1459 392 1516 τῶν
414 1458 506 1538 κρεῶν
530 1476 569 1522 ax
591 1457 776 1539 proverbio,
811 1456 897 1536 quod
919 1463 968 1523 ast
997 1455 1012 1518 ὁ
1042 1457 1161 1536 λαγὼς
1183 1454 1246 1516 τὸν
1276 1455 1350 1539 περὶ

247 1556 316 1626 τῶν
340 1566 468 1647 Ῐκρεῶν
506 1564 723 1648 sperando
756 1585 818 1646 quo
852 1565 1027 1649 disputavit
1058 1567 1175 1630 Zenob.
1209 1567 1269 1648 IV,
1302 1563 1348 1631 85.

248 1673 368 1740 Notum
390 1679 453 1754 est,
487 1674 628 1759 leporem
657 1675 774 1738 animal
803 1694 874 1739 esse
897 1675 1140 1740 timidissimum.
1184 1674 1348 1760 Originem

184 1849 187 1853 .
227 1783 340 1874 'duxit
361 1783 565 1868 proverbium
588 1803 607 1846 a
632 1783 795 1849 venando-2
827 1791 915 1850 recte
943 1785 1026 1849 enim
1053 1785 1174 1866 dicunt,
1207 1784 1349 1869 leporem

247 1914 307 1979 pro
331 1894 482 1958 carnibus
503 1908 640 1975 currere,
664 1894 796 1957 canibus
819 1893 1058 1958 insectantibus.
1103 1892 1184 1958 Nam
1207 1893 1301 1979 lepus
1323 1893 1349 1956 si

249 2003 361 2087 effugit
383 2022 479 2067 canes
501 2001 705 2083 insectantes,
728 2009 882 2083 servatur,
909 2004 936 2067 si
959 2023 1030 2086 non,
1056 2003 1227 2068 laceratur.
1273 2002 1350 2080 Qua·

247 2119 383 2198 propter
395 2111 660 2195 significationem
671 2112 836 2196 proverbii
852 2112 934 2178 hanc
951 2132 1032 2194 esse,
1045 2113 1165 2176 Zenob.
1181 2112 1202 2178 1.
1219 2132 1247 2176 o.
1263 2117 1349 2177 recte

248 2223 340 2289 dicit:
362 2220 408 2284 aa
429 2225 486 2283 τῶν
509 2217 781 2283 διακινδυνευόντων
803 2222 863 2286 ταῖς
886 2223 992 2305 ψυχαῖς
1013 2219 1061 2283 καὶ
1084 2220 1154 2304 πρὸς
1175 2223 1262 2282 ταῦτα
1285 2242 1350 2303 καρ-

246 2334 339 2415 τερῶς
362 2328 582 2412 ἀγωνιζομένων
609 2329 783 2413 τασσομένη.
839 2330 960 2408 Quodsi
988 2331 1029 2394 ad
1056 2331 1117 2395 hoc
1146 2329 1350 2414 proverbium

247 2448 377 2524 postam
398 2449 538 2505 nostrum
562 2447 726 2524 spectasse
750 2459 928 2522 censemus,
957 2459 1068 2504 sensus
1091 2439 1218 2503 illorum
1240 2440 1350 2503 verbo·

247 2573 316 2615 rum
338 2570 400 2614 non
423 2556 473 2614 est
495 2551 659 2614 obscurus.
713 2550 751 2613 In
778 2548 834 2612 ilio
862 2549 945 2613 euim
974 2549 1097 2633 proelio
1123 2548 1232 2612 navali
1255 2548 1350 2613 sicuti

246 2661 375 2745 lepores
402 2678 460 2743 pro
495 2659 644 2722 carnibus
667 2665 812 2738 currunt,
839 2658 884 2722 ita
912 2659 997 2722 servi
1020 2680 1079 2743 pro
1102 2659 1256 2722 carnibus
1278 2658 1300 2720 i.
1324 2677 1350 2721 e.

247 2789 307 2854 pro
335 2769 452 2850 anima,
485 2768 553 2831 rita
585 2773 820 2852 pugnaverunt3
851 2769 1000 2849 namqui
1032 2768 1133 2832 sortes
1156 2786 1190 2831 se
1217 2766 1352 2851 praesti·

246 2885 366 2958 terant,
399 2877 432 2941 in
459 2877 641 2942 libertatem
675 2877 857 2941 manumissi
881 2882 966 2957 sunt,
987 2877 1041 2960 qni
1063 2877 1212 2960 ignaros
1235 2877 1259 2939 ii
1280 2896 1353 2958 gra·

246 2987 337 3052 viore
359 2987 514 3051 servitute
537 2987 685 3070 oppressi
707 2993 788 3051 sunt.

349 3096 558 3180 Aristophani
579 3098 669 3161 iilum
689 3116 816 3161 versum
838 3096 991 3160 scribenti
1018 3095 1111 3177 hujus
1132 3094 1300 3178 proverbii
1322 3095 1354 3157 in

248 3213 383 3270 montem
404 3206 541 3286 venisse,
562 3206 733 3270 admonere
757 3205 832 3268 mihi
855 3206 1004 3270 videntur
1026 3206 1124 3269 etiarn
1139 3207 1246 3285 verba,
1269 3223 1354 3288 quas

248 3315 344 3401 paulo
368 3324 442 3401 post
464 3315 552 3379 illum
573 3307 700 3380 vorsum
724 3320 911 3399 sequuntur:

419 3422 523 3486 odacar
545 3423 754 3507 περιθρέξει
776 3426 852 3506 δῆτα
873 3426 924 3508 τὴν
948 3422 1047 3506 λίμνην
1070 3423 1180 3505 κύκλῳ.

348 3533 386 3597 In
408 3533 520 3618 inepto
544 3532 656 3599 errore
679 3541 826 3598 versatur
848 3532 1156 3616 paroemiographus
1173 3529 1312 3612 Plutli,
1327 3529 1355 3608 7,

249 3642 305 3725 qui
326 3642 414 3706 illum
436 3644 662 3728 Aristophanis
685 3664 811 3709 versum
834 3643 938 3727 ipsum
959 3663 1019 3726 pro
1035 3641 1208 3726 proverbio
1232 3641 1355 3705 habuit.

349 3751 550 3833 Proverbiis,
584 3774 668 3838 quae
700 3774 720 3818 a
751 3751 991 3837 quadrupedum
1025 3758 1138 3815 natura
1172 3758 1244 3815 orta
1272 3757 1357 3833 sunt,

248 3861 405 3943 tractatis,
428 3882 511 3926 nunc
533 3862 573 3927 de
594 3864 775 3947 proverbiis
798 3863 963 3942 disseram,
987 3880 1070 3944 quae
1091 3860 1133 3923 ad
1155 3859 1282 3923 avium
1305 3879 1358 3923 na·

249 3978 352 4034 turam
375 3977 533 4055 spectant.
860 3983 863 3988 '
1192 3987 1193 3990 ’

349 4080 401 4143 Ad
423 4099 561 4144 summas
584 4078 718 4144 delicias
745 4080 973 4163 significandas
1001 4078 1033 4140 in
1062 4097 1118 4140 usn
1141 4085 1211 4142 erat
1233 4077 1358 4145 locutio

250 4188 405 4272 ὀρνίθων
426 4190 532 4271 γάλα,
555 4189 587 4252 in
611 4209 660 4252 av.
685 4186 863 4253 7341674.
887 4184 1071 4272 respuas.
1096 4185 1163 4269 724,
1184 4189 1236 4250 ubi
1260 4188 1358 4270 signi·

249 4299 360 4365 ficatio
383 4307 508 4364 tantum
530 4298 566 4362 fit
589 4299 696 4362 verbis
719 4295 908 4380 κωλακρέτου
931 4298 1020 4380 γάλα.
1057 4296 1249 4380 Explicatur
1271 4297 1359 4361 locu·

250 4409 296 4476 tio
317 4410 432 4498 paucis
456 4429 475 4472 a
495 4407 589 4490 Diog.
613 4404 699 4490 3,92:
726 4406 773 4471 ἐπὶ
794 4411 851 4470 τῶν
874 4405 999 4470 σπανίων
1007 4456 1014 4489 ,
1039 4406 1152 4473 melius
1177 4408 1219 4471 ab
1240 4408 1357 4494 Apost.
