2782 5032
790 323 831 384 22

709 411 908 422 --———u—=

359 490 511 606 onasus
532 527 572 591 au
594 527 673 613 plut.
697 524 806 610 uuus:
925 564 928 570 -

411 665 430 745 ἡ
453 663 478 725 δ’
501 660 616 730 εὐθέως
637 663 689 745 τὴν
709 663 795 744 χεῖρα
817 659 903 721 πάλιν
926 657 1086 722 ἀνέσπασε·
1199 700 1201 703 -

409 768 556 834 κατέκειτο
578 769 603 830 δ’
626 769 715 850 αὑτὴν
738 767 896 838 ἐντυλίξασ’
918 770 1027 852 ἡσυχῆ,

408 878 464 940 tut
487 880 536 940 τοῦ
559 875 644 944 δέους
668 877 827 961 βδέουσα
850 877 1062 961 δριμύτερον
1086 879 1198 958 γαλῆς

260 1033 341 1097 quac
375 1014 476 1076 verba
497 1012 615 1077 Oarion
651 1031 761 1076 servus
797 1012 838 1076 de
876 1031 937 1074 anu
969 1002 1076 1092 'aegre
1109 1017 1142 1076 et
1175 1009 1208 1072 in
1243 1008 1352 1094 templu

259 1120 360 1187 adeo
383 1122 490 1185 sanari
519 1121 667 1204 cupiente
696 1120 774 1184 dicit
782 1168 789 1200 ,
823 1119 1026 1198 scholiastes,
1061 1119 1115 1203 qui
1143 1119 1244 1183 verba
1267 1118 1285 1199 ἡ
1306 1115 1352 1199 γὰρ

257 1231 334 1313 γαλῆ
366 1228 539 1312 δριμύτατον
573 1227 673 1313 ἀφίησι
700 1228 733 1290 τὸ
760 1230 873 1311 πνεῦμα
912 1228 1018 1307 addit,
1052 1246 1115 1291 non
1149 1225 1353 1306 annotaverit,

258 1338 449 1420 locutionem
473 1337 573 1402 fuisse
594 1337 768 1420 vulgarem,
790 1346 896 1401 tumen
918 1357 956 1400 eu
978 1336 1134 1402 hocloco
1158 1341 1354 1420 praetereun-

260 1446 300 1510 da
322 1447 397 1510 mihi
420 1467 484 1510 non
507 1426 596 1526 eret,
627 1465 698 1509 eum
719 1446 795 1509 mihi
819 1446 945 1529 quidem
968 1464 1030 1508 non
1053 1445 1096 1508 sit
1118 1443 1264 1526 dubium,
1288 1442 1356 1527 quin

259 1575 298 1619 ea
319 1554 352 1618 in
373 1575 430 1619 ure
452 1555 541 1638 vulgi
561 1562 690 1620 versate
713 1555 767 1637 sit3
796 1563 831 1619 ut
852 1554 1072 1637 nubisqnoqne
1094 1552 1207 1617 similis
1240 1551 1355 1617 locutio

260 1671 318 1746 est,
343 1683 425 1747 quae
446 1684 505 1747 per
526 1684 638 1729 vocem
661 1663 768 1747 „Iltis“
793 1662 954 1727 formatur.
1038 1744 1041 1750 Ι

358 1773 408 1837 De
429 1773 511 1836 asini
534 1773 695 1838 edacitate
718 1792 821 1836 sermo
844 1772 946 1837 estin
969 1771 1151 1857 prouerbio,
1174 1791 1239 1855 quo
1262 1770 1357 1835 Arist

204 1941 205 1944 ,
259 1881 292 1945 in
314 1901 403 1965 vesp.
427 1879 592 1944 1309-10
612 1901 688 1945 usus
712 1888 776 1948 est:

411 2011 507 2083 ἔοικας
531 2014 555 2076 ὦ
577 2017 726 2101 πρεσβῦτα
747 2014 917 2099 νεοπλούτῳ
939 2014 1022 2101 τρυγί

407 2126 564 2208 κλητῆρι
585 2125 615 2186 τ’
634 2124 684 2191 εἰς
706 2120 1178 2208 ἀχυρμὸνόἰποδεδρακότι,

260 2267 375 2351 quibus
408 2266 516 2332 verbis
549 2265 748 2349 Lysistratus
781 2267 813 2330 in
841 2267 991 2332 convivio
1024 2265 1263 2332 Philocleonem
1283 2265 1361 2331 ludi-

258 2376 388 2458 ficatur,
431 2376 484 2458 qui
508 2376 615 2439 ebrius
636 2394 739 2458 nugas
761 2378 837 2459 agit.
891 2376 1080 2459 Priusquam
1115 2375 1154 2440 de
1187 2375 1361 2459 proverbio

260 2485 431 2567 disseram,
465 2505 528 2550 non
556 2484 762 2550 omittendum
790 2486 866 2548 mihi
893 2493 942 2550 est
968 2485 1080 2570 paucis
1103 2504 1382 2576 commemorare,

259 2614 341 2661 voce
363 2595 474 2678 κλητήρ
498 2613 562 2657 non
585 2595 684 2658 solum
707 2613 907 2676 praeconem,
930 2595 987 2660 sed
1010 2595 1104 2660 etium
1128 2594 1251 2658 asinum
1273 2593 1363 2660 intel·

258 2705 326 2788 ligi,
349 2709 384 2767 ut
405 2704 437 2767 in
459 2721 550 2786 vesp.
577 2701 649 2785 1893
673 2703 734 2766 hcc
757 2710 860 2768 autem
881 2705 954 2768 loco
976 2711 1142 2786 utramque
1157 2703 1364 2785 significatio

258 2834 330 2879 nem
352 2831 423 2878 esse
447 2812 623 2894 subjectam
647 2818 680 2878 et
702 2811 743 2875 ad
765 2813 1003 2878 Philoclecnem
1030 2812 1201 2897 pertinere.
1248 2811 1364 2878 Utrum

258 2920 392 3008 ἀχυρμὸν
414 2942 455 2986 un
477 2919 588 3007 ἄχυρον
610 2944 650 2986 an
673 2920 813 3006 ἀχυρῶνα
831 2923 999 3006 legendum
1015 2923 1066 3002 sit,
1089 2922 1216 2987 uariunt
1238 2929 1365 2988 senten-

257 3034 337 3111 tiae,
362 3030 493 3095 codices
514 3030 546 3094 R
568 3038 601 3094 et
619 3031 651 3094 V
673 3031 829 3116 praebent
851 3029 970 3116 ἄχυρον,
993 3038 1025 3096 et
1045 3037 1081 3096 ut
1103 3031 1246 3114 videtur,
1269 3034 1364 3097 seho-

245 3141 383 3218 =liastes,
420 3140 475 3222 qui
498 3136 608 3222 ἄχυμον
637 3160 677 3204 ex
705 3138 844 3204 Platone
870 3150 903 3206 et
928 3140 1086 3225 Eupolide
1120 3150 1362 3224 commemorat3

259 3249 360 3314 ceteri
381 3245 520 3332 ἀχυρῶνα
541 3250 713 3331 praebent3
746 3249 892 3332 rejicitur
919 3256 1023 3315 nutem
1046 3249 1165 3334 ἀχυρών
1189 3271 1209 3314 a
1231 3251 1365 3335 Phryni-

259 3358 319 3423 cho
342 3358 375 3421 in
397 3356 498 3421 Bekk.
521 3357 581 3420 An.
605 3378 635 3440 p.
659 3355 739 3439 int.
783 3358 969 3423 Dindorfius
996 3360 1127 3445 scripsit
1152 3356 1297 3444 ἀχυρμόν,
1326 3361 1365 3427 de

258 3487 320 3550 quc
342 3466 437 3552 plura
458 3466 569 3532 videas
595 3466 628 3530 in
649 3469 765 3531 Annot.
788 3467 888 3533 Oxou.
911 3491 943 3554 p.
965 3466 1037 3531 256.

356 3575 449 3653 Quod
471 3577 513 3639 ad
533 3577 737 3659 proverbium
764 3578 868 3659 ipsum
896 3578 1024 3659 attinet,
1059 3576 1253 3643 scholiastes
1280 3579 1365 3647 haec

258 3684 371 3751 refert:
395 3681 472 3753 ὄνος
493 3684 541 3752 εἰς
565 3685 739 3770 ἀχυρῶνα
762 3684 915 3769 ἀπέδρα,
939 3687 1025 3769 quod
1048 3687 1095 3750 sic
1111 3687 1297 3769 explicatur
1321 3691 1362 3754 ab

255 3795 370 3876 Apost.
392 3793 466 3874 XII,
490 3792 543 3859 78:
579 3793 625 3855 ἐπὶ
646 3798 703 3856 τῶν
726 3795 793 3878 παρ’
816 3794 934 3864 ἐλπίδας
966 3796 1006 3864 εἰς
1029 3794 1130 3877 αἰγαδοί
1156 3794 1364 3877 ἐμπιπτόντων

257 3905 305 3964 καὶ
335 3903 446 3970 τούτοις
480 3903 701 3972 ἀπολαυστικῶς
734 3902 912 3986 χρωμένων,
946 3905 999 3970 vel
1033 3906 1067 3969 in
1098 3912 1165 3971 not.
1190 3905 1242 3970 ad.
1265 3906 1365 3992 Diog.

257 4012 314 4093 VI,
336 4010 391 4077 91:
414 4010 538 4073 ἐπὶτῶν
562 4009 732 4095 ἀδηφάγων.
777 4013 825 4077 Os.
849 4014 936 4079 Suid.
960 4033 984 4077 S.
1006 4035 1036 4078 V.
1060 4015 1182 4078 Erasm.
1206 4036 1237 4099 p.
1262 4014 1335 4080 396.

359 4119 437 4184 Cum
458 4120 704 4186 Atheniensibus
729 4141 795 4185 mos
818 4130 918 4203 esset,
952 4129 987 4186 ut
1013 4143 1064 4205 en,
1099 4144 1181 4206 quae
1209 4125 1251 4189 ad
1274 4146 1365 4209 pera·

258 4230 364 4313 genda
386 4249 479 4293 sucre
501 4229 664 4294 Eleusinia
691 4250 770 4316 opus
798 4237 901 4313 erant,
936 4233 1034 4296 asinis
1069 4233 1221 4317 imposita
1250 4235 1364 4320 depor-

257 4346 363 4406 atrent
385 4375 425 4384 -
447 4359 509 4422 quu
531 4339 564 4402 in
585 4359 620 4404 re
643 4341 764 4404 auxilio
792 4360 955 4406 servorum
977 4342 1023 4406 uti
1046 4362 1108 4406 uon
1131 4341 1181 4407 fas
1203 4351 1288 4427 erat,
1322 4365 1364 4410 ne

257 4450 338 4535 quid
356 4468 461 4513 rerum
487 4468 650 4516 sacrarum
680 4450 870 4538 proderetur
892 4487 928 4497 —
953 4451 1028 4518 inde
1059 4454 1265 4538 proverbium
1290 4474 1364 4546 pro-
