2782 5032
159 115 240 178 haee
261 121 344 177 suut:
367 111 428 176 ἀντὶ
449 116 500 175 τού
523 111 606 180 aare<
631 117 687 176 τῶν
710 113 877 197 ὡρισμένων
908 110 1015 194 λύγων.
1052 109 1082 172 ἐν
1110 117 1155 198 τῷ
1176 111 1254 176 τέλει

155 225 214 286 τοῦ
234 221 321 284 τύπου
345 220 377 284 ού
401 221 528 285 ἐτελεῖτο
551 223 566 285 d
590 219 711 305 δρόμος,
736 222 829 284 ἐλαῖαι
851 222 987 305 στιχηδδν
1009 219 1146 301 ἵστανται,
1169 218 1254 283 οὖσαι

152 332 326 414 κατάντημα
349 333 399 392 τού
421 328 541 414 δρόμου,
568 331 615 392 καὶ
637 331 731 398 οὐδεὶς
753 330 886 393 ἐπέκεινα
907 329 1017 391 τούτων
1040 329 1154 414 ἐχώρει.
1178 329 1254 399 ὅστις

148 437 208 502 οὖν
241 438 315 523 πέρα
347 442 398 501 τού
423 439 540 507 δέοντος
562 437 688 523 ἐπραττέ
711 463 744 520 τι,
777 437 882 522 ἔλεγον
904 441 944 506 ὡς
965 438 1047 508 ἐκτδς
1068 443 1126 501 τῶν
1148 440 1253 502 ἐλαιῶν

145 548 284 633 φέρεται.
309 547 488 631 ἐπεκράτησε
511 548 544 610 δὲ
560 547 600 616 εἰς
615 549 775 631 παροιμίαν.
809 550 951 614 Alteram
967 549 1160 613 locutionem
1178 548 1253 612 loeo

143 659 321 741 proverbii
341 657 453 738 fuisso,
487 657 681 721 scholiastae
703 679 765 721 nou
788 658 944 741 referunt;
977 665 1171 743 quapropter
1192 657 1253 747 hoo

141 766 226 830 loeo
260 767 388 831 silentio
422 775 667 850 praetereamus.
724 767 820 850 Apud
856 750 1159 851 paroemiographos
1191 785 1254 830 non

141 894 267 941 omnes
290 877 469 941 locutiones
494 874 714 959 proverbiales
735 882 862 939 notatas
884 876 1033 956 inveniri,
1067 876 1163 940 etiam
1192 875 1254 940 hoo

141 985 304 1069 exemplo
322 985 482 1065 doeemur,
505 985 590 1068 quod
604 985 809 1068 proverbium
825 984 907 1052 ἐκτὸς
924 989 979 1045 τῶν
995 983 1090 1046 ἐλαῶν
1112 981 1255 1067 φέρεσθαι

141 1094 337 1158 omisemut.
392 1095 557 1157 Erasmum
585 1093 711 1175 quidem
734 1095 937 1176 proverbium
958 1113 1021 1156 uon
1043 1092 1167 1175 effugit,
1200 1093 1254 1176 qui

143 1200 176 1262 in
204 1222 244 1284 p.
265 1201 339 1284 311,
373 1203 448 1286 quid
469 1201 642 1285 significet,
676 1201 723 1265 sio
746 1203 888 1286 explieat
915 1202 987 1282 „ubi
1009 1201 1080 1284 quis
1102 1202 1254 1266 terminos

144 1312 377 1395 praescriptos
400 1312 645 1394 transgreditur,
679 1319 733 1376 aut
761 1311 864 1376 aliena
886 1330 987 1394 usque
1008 1310 1048 1375 ad
1070 1331 1136 1375 rem
1160 1311 1255 1395 perti·

146 1420 266 1483 nentia
286 1419 393 1486 iaoit.“

260 1529 449 1614 Metuphora
471 1529 585 1612 digna,
625 1549 706 1610 quae
727 1530 788 1593 hoo
811 1530 884 1594 loeo
911 1535 1050 1609 notetur,
1083 1528 1201 1610 legitur
1222 1529 1255 1592 in

153 1652 226 1699 ran.
253 1637 426 1722 moa-59,
461 1640 515 1702 ubi
546 1646 713 1722 postquam
746 1639 892 1702 Baoohus
925 1638 1079 1718 narravit,
1111 1638 1253 1701 Athenas

156 1745 268 1810 urbem
289 1749 321 1811 in
343 1749 471 1813 summis
505 1748 641 1812 miseriis
667 1747 804 1828 versari,
838 1768 908 1811 oum
941 1768 1002 1811 nou
1036 1746 1157 1830 optimi,
1197 1746 1254 1810 sed

157 1855 288 1931 pessimi
310 1859 398 1921 nives
422 1857 469 1920 rei
491 1856 642 1940 publicae
664 1864 860 1940 praeessent,
882 1855 1058 1937 Aeschylus
1075 1855 1252 1919 admonitus

159 1967 191 2021 ut
214 1963 351 2047 aliquam
372 1967 456 2029 viam
479 1976 510 2030 et
531 1966 687 2029 rationem
709 1966 877 2049 reperiret,
912 1986 974 2047 qua
996 1966 1090 2029 rebus
1113 1964 1253 2046 publicis

164 2067 289 2137 afflictis
311 2075 430 2139 mederi
452 2080 577 2158 posset,
611 2075 690 2137 haee
714 2074 810 2138 dixit:
833 2078 897 2141 πῶς
923 2070 972 2134 οὖν
1006 2097 1044 2141 τις
1078 2070 1113 2134 ἂν
1149 2072 1254 2135 σώσειε

164 2180 290 2264 τοιαύτην
321 2181 417 2265 πάλιν,
450 2174 472 2266 ᾗ
504 2187 592 2266 μήτε
619 2186 751 2267 χλαῖνα
785 2185 874 2266 μήτε
904 2183 1028 2264 σισύρα
1059 2180 1252 2264 συρφέρει;

168 2279 343 2372 Metaphora
365 2294 405 2355 ah
428 2312 466 2356 eo
489 2292 645 2356 translata
667 2301 723 2373 est,
741 2294 791 2356 oui
806 2312 907 2373 neque
922 2291 1013 2356 sedet
1028 2291 1135 2371 vestis,
1159 2311 1253 2374 quam

170 2386 278 2461 Graeci
299 2404 404 2483 χλαῖνα
424 2408 555 2480 vooantr
583 2421 685 2483 neque
706 2421 756 2482 ea,
791 2420 883 2485 quam
911 2400 1007 2481 σισύρα
1036 2408 1160 2465 vooant.
1180 2401 1201 2465 i.
1225 2419 1252 2465 e.

171 2501 217 2561 eni
238 2510 358 2573 omnino
382 2511 467 2574 nulla
489 2510 588 2574 vestis
611 2518 686 2594 apta
708 2517 766 2575 est.
810 2510 858 2573 De
875 2509 1079 2592 metaphorae
1097 2511 1255 2575 sententia

119 2652 122 2677 ;
172 2607 347 2682 scholiastes
367 2620 461 2684 haee:
495 2619 510 2681 δ
534 2618 567 2680 δὲ
589 2620 663 2700 νοῦς,
686 2618 760 2701 μήτε
780 2615 908 2700 χρηστὸς
930 2618 1003 2701 μήτε
1028 2619 1157 2703 ὀχληρὸς
1177 2616 1255 2680 πολύ·

119 2752 122 2811 ρ
172 2730 216 2795 sq<
236 2726 376 2811 συμφέρει.
431 2726 518 2804 Quae
551 2726 737 2808 metaphora
769 2734 872 2791 utrum
905 2749 964 2813 per
989 2729 1101 2810 vulgus
1123 2727 1255 2810 vulgata

119 2818 122 2865 ³
173 2816 386 2917 herithone,
409 2837 480 2919 quis
502 2843 551 2900 est
574 2837 628 2917 qui
650 2835 816 2918 dijudicet,
845 2857 915 2901 oum
938 2858 1039 2921 neque
1061 2835 1254 2900 scholiastae

174 2946 263 3018 neque
283 2945 560 3029 paroemiographi
594 2945 633 3008 de
666 2965 704 3008 ea
736 2945 966 3012 disseruerint?
1001 2949 1148 3011 Attamen
1179 2945 1254 3008 huie

174 3033 308 3117 locutioni
331 3063 419 3119 tauta
441 3053 604 3139 proverbii
627 3055 752 3136 speeies
774 3055 880 3118 inesse
896 3056 972 3119 mihi
994 3055 1128 3133 ridetur,
1152 3061 1186 3116 ut
1201 3053 1254 3117 vel

175 3147 235 3219 siue
253 3162 313 3227 ullo
335 3177 476 3228 veterum
498 3163 678 3228 testimonio
701 3173 770 3227 earn
792 3164 1027 3246 proverbialem
1053 3181 1169 3226 vocare
1190 3181 1253 3226 uon

176 3253 307 3335 dubitem.

261 3377 410 3446 Similiter
432 3382 472 3445 de
494 3381 655 3445 locutione
674 3379 882 3464 judicandum
906 3381 982 3444 mihi
1005 3386 1067 3460 est,
1100 3384 1255 3461 quaeest

179 3475 292 3549 νλονδν
314 3494 424 3554 ποιεῖν
447 3491 534 3570 τινά,
558 3473 669 3552 notata
690 3491 721 3552 in
744 3489 821 3571 plut.
847 3487 937 3570 1061,
960 3489 1015 3552 ubi
1036 3508 1114 3552 anus
1131 3487 1255 3551 lasciva

179 3582 404 3680 dulescentem,
438 3618 542 3682 aquo
565 3598 667 3681 primo
691 3597 817 3680 quidem
840 3600 1018 3677 amabatur,
1052 3604 1116 3661 turn
1149 3604 1254 3661 autem

179 3685 356 3790 irfidebatur,
380 3709 428 3771 his
449 3707 557 3772 verbis
580 3706 765 3788 alloquitur:

306 3809 459 3879 ταλάντατ’
480 3816 602 3898 ἀνδρῶν,
626 3816 683 3900 οδχ
704 3814 834 3897 ὑγιαίνειν
857 3838 904 3898 μοι
926 3815 1033 3896 δοκεῖς,

306 3922 437 3989 πλυνόν
460 3949 496 4007 με
518 3930 631 3987 ποιῶν
654 3925 683 3987 ἐν
705 3925 843 3991 τοιούτοις
864 3922 1006 4005 ἀνδράσιν.

182 4009 273 4107 Neque
292 4033 481 4101 locutionem
515 4032 705 4117 ἀνθρακιᾶς
741 4054 833 4100 τινος
868 4031 1060 4095 ἀπολαύειν
1089 4027 1252 4114 proverbii

1089 4149 1104 4197 5
