2782 5032
240 633 465 714 dissimumque
487 651 567 716 opus
589 632 799 715 suscipiatur,
831 630 871 696 de
893 631 1075 714 proverbiis
1098 630 1234 713 aliisque
1255 631 1341 694 loeu-

198 746 201 751 ’
240 741 380 806 tionibus
403 761 442 805 ex
463 760 521 804 usu
546 742 630 805 ritae
653 741 827 805 eommunis
850 741 974 829 petitis,
1008 760 1089 821 quae
1112 741 1196 823 apud
1218 741 1342 805 Ariste·

239 851 373 935 phanem
398 852 552 913 seminum
575 851 785 931 inveniuntur,
809 851 967 914 disserere
987 834 1117 913 institui.

339 959 528 1042 Priusquam
551 959 663 1040 adid,
697 959 781 1043 quod
803 960 878 1022 milri
901 959 1067 1044 proposui,
1095 958 1230 1041 propius
1253 978 1342 1022 aece-

240 1068 320 1149 dam,
343 1070 456 1152 paneis
479 1069 519 1132 de
541 1069 699 1131 nonnullis
722 1070 817 1131 rebus
841 1068 1057 1157 disserendum
1081 1068 1156 1130 mihi
1179 1075 1236 1148 est,
1260 1088 1343 1150 quae

239 1177 301 1240 hue
324 1183 479 1261 spectant.
516 1180 621 1260 Atque
642 1178 776 1261 primum
792 1177 832 1240 de
856 1177 979 1259 origine
994 1177 1085 1240 veeis
1100 1175 1236 1258 παροιμία
1260 1195 1344 1257 quae

239 1286 301 1349 viri
325 1285 412 1350 doeti
435 1285 610 1366 deeuerinl,
633 1284 807 1349 videamus.
852 1286 924 1348 Jarn
947 1307 998 1369 ap.
1021 1286 1156 1366 Diogen.
1182 1285 1213 1346 in
1238 1285 1343 1367 prael.

239 1397 387 1480 proverb.
413 1396 501 1459 voeis
524 1395 678 1477 originem
699 1396 746 1457 sio
764 1393 924 1458 definitam
942 1379 1090 1477 legimus:
1113 1393 1165 1474 τὴν
1187 1397 1343 1474 παροιμίαν

240 1503 438 1586 ὀνομάζεσθαί
451 1504 523 1587 <puel
536 1525 606 1570 τινες
625 1502 682 1564 ἀπὸ
699 1506 756 1564 τῶν
773 1501 878 1586 οίμων·
901 1503 978 1565 οὕτω
995 1503 1029 1565 δὲ
1050 1503 1079 1564 αἱ
1093 1502 1156 1564 ὁδοὶ
1173 1503 1343 1563 ἐκαλοῦντο·

238 1612 292 1677 vel
314 1633 366 1696 ap.
390 1614 502 1697 Apost.
524 1613 558 1675 in
573 1611 680 1695 praef.
704 1613 723 1694 ἡ
746 1612 779 1673 δὲ
801 1612 939 1694 παροιμία
962 1611 994 1673 ἐκ
1012 1617 1072 1693 ’τῆς
1095 1612 1212 1694 ,,πιαροί“
1235 1609 1343 1693 προθέ-

240 1743 317 1788 σεως
337 1720 385 1783 καὶ
407 1724 458 1783 τοῦ
480 1719 573 1804 οἶμος,
608 1718 734 1803 ἡὸδὸς·
767 1721 923 1804 παραοιμίοι
956 1721 1003 1782 καὶ
1024 1721 1177 1804 παροιμία·
1210 1717 1276 1801 ἤτοι
1309 1720 1343 1781 τὸ

239 1828 395 1913 παροδικόν
411 1831 518 1913 τρίμμα
532 1829 579 1891 καὶ
594 1830 735 1914 διήγημα·
760 1830 914 1913 simulque
930 1832 1014 1914 apud
1027 1838 1193 1913 utrumque
1204 1830 1282 1893 illud
1299 1830 1343 1892 in·

240 1939 384 2004 st'tutum
401 1945 678 2004 commemoratum
691 1941 834 2022 legimus,
857 1960 919 2021 que
931 1941 999 2023 jam
1014 1941 1235 2024 Hipparchum
1251 1960 1343 2003 usum

239 2047 338 2114 fuisse
360 2048 453 2113 Plato
474 2049 572 2132 Hipp.
595 2047 657 2110 228
690 2049 861 2113 memoriae
892 2049 1042 2131 prodidit.
1088 2049 1198 2113 Verba
1225 2049 1342 2132 Dioge-

239 2158 326 2223 niani
341 2158 421 2222 haee
438 2166 525 2222 sunt:
548 2157 573 2218 οἱ
591 2157 629 2224 be
652 2155 801 2239 ἄνθρωποι
823 2155 877 2218 ὅσα
899 2160 1063 2242 κοινωφελῒρ
1087 2157 1226 2240 εὕρισκον,
1250 2160 1340 2218 ταῦτα

240 2265 315 2329 κατὰ
338 2264 510 2349 λεωφόρους
533 2265 619 2333 ὁδοὺς
642 2263 805 2349 ἀνέγραφον
820 2266 890 2350 ὑπὲρ
908 2271 958 2329 τοῦ
974 2266 1098 2335 πλέονας
1115 2266 1344 2350 ἐντυγχάνοντας

240 2379 293 2458 τῆς
314 2375 459 2459 ὠφελείας
482 2375 719 2460 μεταλαμβάνειν·
764 2374 917 2440 Similiter
938 2377 1100 2442 Beekerus
1124 2377 1201 2458 (Das
1215 2376 1343 2460 Sprioh·

239 2491 323 2548 wort
343 2485 376 2548 in
398 2485 578 2549 nationaler
599 2484 811 2568 Bedeutung.)
835 2487 936 2565 magis
963 2495 1056 2550 aente
1079 2507 1170 2568 quam
1194 2486 1344 2567 probabi-

238 2594 315 2659 liter
336 2614 448 2658 vooem
470 2591 607 2676 παρόδιος
629 2595 650 2657 i.
674 2615 701 2659 e.
724 2596 861 2678 παροιμία
883 2595 1004 2679 tripliei
1019 2596 1112 2659 mono
1134 2595 1344 2677 interpretari

241 2708 374 2768 conatus
396 2709 455 2768 est.

340 2812 446 2877 Aliam
468 2812 624 2875 rationem
645 2813 679 2874 in
707 2811 833 2892 origine
862 2814 952 2876 voeis
982 2812 1117 2894 παροιμία
1151 2812 1344 2895 explicanda

241 2923 425 2988 institerunt
441 2921 473 3001 ii,
497 2921 550 3004 qui
565 2941 675 2985 veeem
693 2921 831 3002 παροιμία
853 2943 892 2986 ex
907 2924 987 3003 παροί
1003 2933 1035 2985 et
1050 2920 1116 3005 οίμη
1134 2923 1342 3006 eompositam

242 3051 312 3097 esse
334 3038 461 3115 putant,
498 3051 630 3112 quorum
663 3050 831 3095 enumero
853 3032 1008 3115 imprimis
1030 3031 1187 3113 Bergkius
1210 3051 1343 3096 semme·

241 3140 410 3204 morandus
432 3146 490 3204 est.
534 3140 566 3204 Is
589 3141 672 3204 enim
693 3140 713 3203 l.
739 3159 764 3202 e.
799 3141 955 3222 originem
989 3141 1150 3223 proverbii
1178 3141 1280 3225 ipsius
1303 3161 1343 3205 ex

241 3248 350 3314 fabula
372 3250 468 3329 dueit,
493 3269 586 3333 quarn
608 3248 727 3312 Graeci
748 3245 825 3316 αἶνος
851 3255 979 3329 vocant,
1013 3257 1108 3330 atque
1131 3256 1249 3330 censet,
1272 3270 1343 3332 pro·

240 3359 386 3424 verbium
407 3378 479 3423 esse
500 3357 579 3420 nihil
602 3357 688 3420 aliud
711 3378 803 3439 quam
827 3359 1003 3442 exemplum
1027 3364 1225 3422 eontraetum
1251 3369 1283 3423 et
1305 3380 1343 3424 ea

243 3468 423 3549 continere,
457 3488 538 3550 quae
571 3466 679 3531 fabula
711 3467 803 3531 utilia
835 3467 876 3531 ad
899 3469 984 3532 vitae
1006 3469 1163 3531 hominum
1185 3469 1341 3532 rationem

241 3586 331 3643 reete
353 3576 578 3641 instituendam
603 3577 732 3659 deceat3
767 3597 878 3667 voeem
912 3576 1048 3659 παροιμία
1077 3578 1224 3642 similiter
1247 3587 1341 3660 atque

241 3687 389 3770 προοίμιον
421 3705 493 3750 esse
523 3685 689 3750 formatam
718 3694 813 3767 atque
846 3686 1029 3769 significare
1052 3708 1176 3751 versum
1199 3688 1340 3751 ultimum

243 3796 407 3877 carminis,
442 3795 540 3859 veluti
567 3817 617 3880 ap.
640 3796 755 3858 Athen.
777 3796 850 3872 XV,
874 3794 934 3857 696
956 3816 1067 3860 versus
1090 3796 1291 3860 interealaris
1313 3794 1340 3878 ἰὴ

242 3904 334 3966 παιών
357 3924 419 3967 non
442 3904 543 3968 selum
566 3904 714 3988 ἐφύμνιον,
742 3902 906 3988 ἐπίφθεγμα
934 3905 990 3969 sed
1013 3906 1109 3969 etium
1131 3892 1267 3988 παροιμία
1290 3927 1341 3989 ap·

242 4015 379 4099 pellatus
402 4015 453 4078 sit.
498 4015 634 4079 Versum
655 4034 746 4094 vero,
770 4015 823 4097 qui
847 4014 972 4079 Graece
994 4012 1182 4098 παροιμιανίς
1205 4017 1341 4079 nemina-

242 4129 340 4205 retur,
372 4123 447 4187 inde
468 4144 581 4188 nomen
605 4145 691 4187 suum
716 4124 890 4207 aeeepisse,
924 4124 1009 4206 qued
1031 4144 1069 4188 ee
1091 4144 1184 4188 versu
1205 4126 1342 4209 plurima

240 4233 417 4317 proverbia
432 4240 539 4297 essent
554 4233 685 4314 inclusa,
708 4234 928 4316 Hephaestion
940 4233 1013 4312 Vll,
1034 4255 1065 4316 p.
1081 4232 1129 4313 46,
1154 4240 1267 4297 aueter
1283 4240 1339 4298 est.

342 4342 414 4406 Non
437 4343 532 4406 aliter
553 4343 644 4405 voeis
666 4342 803 4424 παροιμία
824 4343 979 4424 originem
996 4342 1034 4407 G.
1051 4342 1188 4424 Curtius,
1212 4344 1340 4408 Grieeh.

240 4449 377 4534 Etymol.
400 4474 431 4535 p.
455 4449 526 4514 399.
548 4451 606 4512 401
635 4451 801 4534 explieuit3
829 4471 932 4535 neque
955 4453 1004 4517 W.
1028 4451 1167 4516 (lorssen
1197 4472 1265 4516 eam
1289 4454 1341 4516 im·

240 4562 358 4646 probet
391 4560 485 4644 (iiber
507 4562 623 4643 Aussp.
646 4560 727 4624 Vee.
762 4582 790 4623 u.
824 4561 893 4625 Bet.
928 4562 957 4625 d.
990 4561 1046 4625 lat.
1070 4560 1228 4643 Spraehe,
1259 4560 1344 4640 1290,
