2866 5176
613 317 812 429 „AL

264 537 312 601 lix
334 559 397 604 una
418 536 603 616 fabularum,
627 555 708 617 quae
730 535 770 600 de
792 535 1145 618 animalibus'vulgatae
1162 542 1260 618 erant,

163 654 236 710 orta
258 655 307 711 est
329 647 447 710 locutio
467 645 573 707 ἀετὸν
596 644 773 725 κάνθαρος
802 645 1000 726 μαιεύεται,
1028 664 1110 727 quae
1132 646 1163 707 in
1185 644 1260 726 Lys

166 752 291 816 694-5
314 756 346 818 in
369 755 500 818 formam
521 756 679 818 obscenae
702 755 950 837 comparationis
972 753 1104 818 redacta
1126 761 1183 834 est,
1207 755 1262 817 ubi

162 864 243 928 haee
267 863 428 945 leguntur:
452 865 492 930 ὡς
515 861 539 923 εἰ
561 862 608 924 καὶ
629 859 713 944 μόνον
737 863 766 945 μ’
788 862 871 944 ἐρεῖς,
895 861 1048 945 ὑπερχολῶ
1071 860 1141 944 γὰρ,
1176 862 1262 924 ἀετὸν
1358 911 1360 914 ,

163 972 294 1033 τίκτοντα
317 972 462 1057 κάνθαρος
479 994 511 1033 σε
535 970 714 1052 μαιεύσομαι.
752 970 839 1048 Quae
854 973 953 1034 verba
970 971 1084 1035 chorus
1099 971 1263 1034 mulierum

167 1081 208 1144 ad
230 1092 324 1146 'senes
348 1100 521 1145 conversus
542 1081 693 1162 loquitur.
738 1079 932 1144 scholiastes
953 1081 1050 1145 multa
1071 1082 1110 1145 de
1132 1082 1263 1145 inimisi-

163 1191 217 1270 tia,
241 1210 322 1272 quae
346 1190 497 1253 cantharo
521 1190 592 1253 o'um
614 1189 722 1271 aquila
744 1201 825 1263 enat,
857 1209 897 1252 ex
920 1188 1026 1252 fabula
1047 1200 1195 1274 prompta
1212 1189 1262 1254 ¹re·

163 1297 233 1380 fert,
258 1319 338 1382 quae
360 1299 421 1362 huo
438 1298 600 1363 afferenda
622 1319 684 1362 non
699 1298 887 1379 existimavi,
911 1318 980 1361 eum
1003 1318 1064 1361 non
1088 1299 1166 1362 satis
1187 1305 1263 1383 apta

163 1408 205 1471 ad
228 1407 449 1492 explicandam
464 1407 636 1471 locutionis
652 1407 807 1489 originem
821 1406 896 1470 mihi
920 1407 1110 1470 viderentur.
1145 1407 1262 1470 Melius
1326 1475 1328 1479 ,

165 1497 322 1580 Zenobiae
344 1514 368 1596 i,
392 1512 433 1575 20
456 1516 495 1579 de
517 1515 679 1579 locutione
702 1516 867 1580 disseruit:
896 1513 931 1576 τὰ
955 1513 1009 1598 γὰρ
1032 1513 1077 1575 ol.
1100 1517 1152 1576 τοῦ
1175 1514 1262 1577 ἀετοῦ

165 1624 334 1707 ἀφανίζουσι
357 1623 386 1684 αἱ
408 1624 549 1707 κάνθαρατ
579 1624 737 1704 κυλίοντος,
771 1623 832 1686 ἐπεὶ
864 1623 891 1684 οἱ
913 1623 991 1684 άετοὶ
1013 1623 1079 1690 τοὺς
1101 1625 1263 1706 κανθάρους

165 1731 347 1813 α’ναλέγοοσι.
391 1733 440 1797 De
463 1732 694 1815 signifieatione
725 1734 895 1797 locutionis
929 1752 1010 1816 quae
1033 1753 1083 1814 ap.
1106 1732 1199 1814 Diog.
1224 1734 1262 1814 V,

163 1841 189 1921 Ι,
203 1839 244 1904 ab
265 1841 421 1922 leguntur,
444 1849 595 1926 corrupta
609 1842 685 1905 mihi
699 1861 771 1906 esse
787 1842 947 1921 videntum
969 1849 1060 1906 reeta
1081 1850 1161 1922 sunt,
1182 1861 1263 1923 quae

161 1951 196 2013 iu
218 1950 260 2013 M.
277 1951 313 2014 P.
340 1948 386 2029 13
408 1956 520 2014 notata
541 1959 628 2015 suni:
652 1949 699 2011 ἐπὶ
720 1954 777 2012 τῶν
797 1949 1020 2033 τιμωρουμένων
1043 1948 1110 2016 τοὺς
1132 1951 1264 2032 μείζονας

161 2059 357 2141 κατάρξαντος
393 2061 491 2122 κακοῦ.
545 2058 593 2122 De
627 2060 673 2123 eis
706 2060 804 2142 igitur
837 2059 1004 2122 dicebatur
1034 2059 1168 2140 locutio,
1209 2060 1262 2141 qui

161 2169 369 2251 potentiores,
405 2187 424 2231 a
458 2167 571 2249 quibus
604 2169 728 2249 priores
762 2176 954 2252 aeceperunt
989 2168 1136 2251 injurias,
1172 2169 1263 2231 uleis-

162 2283 320 2341 serentur.

265 2409 335 2473 Etsi
352 2409 420 2492 jam
443 2408 625 2472 dissertatio
648 2408 687 2472 de
719 2409 932 2474 locutionibus
966 2430 1004 2473 ex
1038 2409 1155 2475 fabulis
1178 2412 1262 2476 fiolis

162 2522 245 2584 ortis
268 2520 357 2582 finita
380 2519 430 2599 sit,
453 2528 558 2581 tamen
573 2519 633 2580 hoe
648 2517 720 2580 loeo
737 2517 815 2581 duas
830 2518 1007 2583 locutiones
1024 2520 1142 2584 addere
1157 2521 1261 2602 lineat,

161 2648 295 2710 quarum
319 2627 420 2691 altera
442 2647 481 2690 ex
503 2626 633 2690 oraculo
656 2633 727 2690 orta
748 2634 804 2707 est,
828 2627 932 2691 altera
957 2629 1110 2710 originem
1134 2650 1173 2694 ex
1195 2651 1262 2694 aar·

161 2738 247 2800 mine
281 2735 452 2816 convivali,
487 2735 572 2818 quod
594 2735 712 2799 Graeci
734 2733 847 2797 σκόλιον
870 2745 993 2818 vocant,
1017 2737 1113 2801 duxit.
1158 2742 1263 2821 Atque

160 2845 220 2908 iila
240 2845 360 2909 locutio
381 2852 430 2908 est
456 2842 560 2910 ἀετὸς
583 2843 616 2904 ἐν
639 2842 824 2927 νεφέλαις,
856 2853 927 2909 orta
948 2866 988 2910 ex
1010 2847 1154 2928 oraculo,
1178 2847 1263 2930 quod

160 2954 410 3018 Atheniensibus
438 2954 478 3016 ab
500 2951 650 3035 Apolline
683 2953 820 3017 edietum
843 2962 912 3018 orat
943 2955 992 3018 his
1026 2956 1147 3037 verbis,
1182 2976 1263 3039 quae

161 3062 263 3128 schol.
288 3061 337 3126 ad.
362 3082 432 3144 equ.
458 3058 538 3122 1013
560 3061 675 3126 refert:
700 3080 717 3104 ν
1015 3069 1018 3077 “

314 3199 461 3288 Εὔδαιμον
483 3202 654 3286 πτολίεθρον
673 3199 832 3288 Ἀθηναίας
855 3203 986 3288 ἀγελείης

314 3310 415 3374 Πολλὰ
436 3312 497 3374 ltin
519 3313 565 3374 καὶ
587 3311 684 3374 πολλὰ
707 3313 801 3373 παθὸν
824 3313 874 3374 παὶ
896 3315 992 3375 πολλὰ
1015 3316 1152 3396 porinus,

317 3421 418 3486 Alsrbc
442 3420 471 3482 ἐν
494 3420 633 3505 νεφέλῃσι
652 3421 787 3502 γενήσεαι
807 3418 904 3502 ἤματα
928 3423 1031 3487 πάντα.

161 3581 288 3645 Mentio
311 3579 347 3645 fit
368 3581 538 3645 locutionis
560 3581 593 3642 in
616 3582 711 3662 equit.
736 3577 825 3642 1013.
847 3600 896 3643 av.
920 3577 989 3660 978,
1012 3582 1066 3643 ubi
1088 3601 1161 3644 usus
1184 3581 1263 3664 ejus·

160 3690 249 3754 modi
272 3700 334 3769 est,
365 3701 400 3753 ut
420 3710 477 3755 nos
500 3689 640 3772 effugere
660 3710 723 3751 non
748 3689 858 3771 possit,
881 3699 1007 3771 poetam
1031 3691 1175 3755 consulto
1197 3710 1264 3754 ora·

162 3798 230 3863 ouli
250 3798 441 3863 mentionem
457 3797 582 3863 fecisse.
621 3798 713 3861 Hane
736 3797 927 3861 locutionem
950 3816 1021 3861 esse
1037 3797 1118 3861 alius
1138 3800 1264 3880 generis

161 3914 260 3990 atque
282 3926 346 3987 eas,
369 3907 409 3971 de
432 3909 545 3989 quibus
569 3906 673 3970 adhue
699 3905 909 3984 disseruerim,
932 3925 1023 3970 nemo
1046 3918 1102 3986 est,
1125 3908 1264 3990 quinon

160 4015 280 4080 videat.
319 4014 438 4079 Nostro
460 4016 493 4078 in
516 4034 660 4079 sermone
682 4015 749 4094 ejus
765 4014 891 4096 generis
913 4012 1127 4079 locutionibus
1150 4036 1264 4098 eogno-

162 4144 235 4188 men
257 4125 467 4188 adtribuimus
493 4125 579 4207 quod
611 4134 661 4188 est
685 4123 889 4206 ,geflugeltes
911 4121 1032 4187 W01·t.“
1078 4121 1263 4206 Quanquam

160 4233 368 4298 meritissimo
389 4234 482 4316 hujus
505 4233 637 4315 generis·
658 4232 836 4296 locutiones
862 4251 920 4315 pro
942 4231 1121 4315 proverbiis
1146 4234 1264 4298 habere

161 4363 227 4407 non
248 4361 428 4426 possumus,
462 4349 601 4406 attamen
629 4341 750 4406 eisdem
783 4339 969 4405 affinitatem
1003 4341 1159 4423 quandam
1194 4361 1264 4405 oum

161 4450 343 4536 proverbiis
367 4471 428 4517 non
451 4450 572 4531 deesse,
596 4450 828 4533 scilieetgquod
850 4449 999 4534 vulgares
1024 4450 1095 4531 sint,
1118 4457 1263 4535 apparet.
