2782 5032
658 334 700 397 49

579 419 778 432 *ὑ

123 540 238 604 huisse
259 537 420 616 dicebant,
442 536 546 603 locum
569 538 733 622 proverbii
756 538 955 619 obtinebant,
976 543 1012 603 ut
1032 538 1223 623 intelligitur

124 669 163 712 ex
187 646 270 731 plut.
296 643 433 725 280-7,
470 648 524 710 uhi
557 648 654 711 choro
691 648 917 728 interroganti:
955 645 1045 715 ὄντος
1077 647 1133 730 γὰρ
1167 646 1228 710 ἔστι

125 755 275 822 πλουσίοις
296 755 362 837 ἡμῖν
386 753 489 817 ἅπασιν
512 755 596 838 εἶναι,
619 756 738 820 Carion
761 776 872 821 servus
890 757 1005 840 jocose
1028 757 1076 820 sio
1097 775 1224 841 respon·

128 865 195 929 det:
220 864 254 946 νὴ
266 861 333 930 τοὺς
346 862 442 946 θεοὺς,
462 863 565 941 Μίδαις
582 865 633 946 μὲν
651 861 711 944 οὖν,
728 864 762 947 ἦν
781 865 831 927 ὦτ’
852 862 918 927 ὄνου
932 865 1051 949 λάβητε.
1086 864 1226 931 Scholia·

133 981 194 1037 stes
231 972 374 1056 pluribus
406 973 514 1037 verbis
542 973 693 1039 disseruit
720 973 759 1037 de
782 974 889 1038 Midae
924 973 1047 1038 divitiis
1080 981 1113 1039 et
1144 975 1226 1039 asini

134 1082 268 1162 auribus,
290 1102 371 1164 quae
392 1082 453 1145 huo
476 1082 590 1147 afferre
612 1082 722 1146 inutile
749 1089 805 1147 est.
849 1084 923 1146 Jam
953 1084 984 1146 in
1008 1083 1139 1165 Tyrtaei
1161 1103 1227 1147 oar·

135 1190 265 1254 minibus
287 1190 390 1254 Midas
413 1201 674 1256 commemoratus
696 1191 821 1273 legitur,
846 1191 884 1254 cf.
909 1192 1031 1274 Bergk,
1055 1199 1140 1277 poet.
1165 1192 1225 1273 lyr.

138 1297 221 1379 lyrt.
246 1297 324 1380 rad:

329 1408 390 1470 οὐδ’
413 1406 437 1492 el
457 1443 499 1453 -

325 1517 464 1599 πλουτοίη
487 1515 519 1578 δὲ
542 1514 642 1578 Μίδεω
664 1516 711 1578 καὶ
733 1513 864 1599 Κινύρου
886 1518 998 1598 μάλιον.

144 1622 194 1704 Ap.
218 1623 252 1689 d.
273 1624 307 1688 C.
329 1625 364 1688 L.
383 1625 442 1705 lll,
478 1624 516 1686 15
549 1646 661 1690 momen
694 1625 807 1699 Croesi
835 1626 976 1688 additum
1003 1625 1136 1708 legitur:
1172 1629 1220 1688 τον

147 1725 228 1793 lidron
247 1735 369 1795 πλοῦτον
392 1732 440 1796 καὶ
461 1729 602 1816 Κροίσου
637 1731 683 1796 ἐπὶ
710 1738 767 1795 τῶν
795 1733 989 1819 ὑπερβολικῶς
1013 1733 1222 1817 πλουτούντων,

146 1850 174 1902 ut
191 1843 361 1907 etiamnunc
384 1843 424 1908 de
445 1843 624 1907 hominihus
653 1843 818 1906 ditissimis
846 1842 954 1907 dicere
985 1842 1121 1906 solemus
1153 1845 1223 1925 „ein

150 1945 296 2016 Croesus.“
337 1952 386 2016 De
407 1952 536 2016 auribus
564 1952 671 2016 Midae
701 1952 788 2035 regis
820 1953 873 2034 qui
904 1951 995 2036 plura
1029 1971 1224 2034 cognoscere

150 2056 223 2140 velit,
241 2061 325 2144 legat
347 2061 440 2143 Diog.
464 2062 505 2125 V.
528 2061 585 2140 ΠΙ,
607 2058 648 2122 29
671 2067 703 2125 et
724 2062 838 2145 Apost.
860 2061 917 2140 XI,
940 2058 990 2124 65.

235 2168 369 2250 Propter
391 2177 564 2252 egestatem
582 2171 615 2234 in
638 2190 693 2235 ore
714 2171 802 2253 vulgi
822 2171 1009 2234 versabatur
1031 2168 1165 2250 Connas,
1187 2170 1224 2234 ti·

149 2270 224 2338 bicen
242 2278 444 2361 clarissimus,
467 2280 521 2362 qni
544 2280 672 2363 saepius
691 2278 859 2364 Olympiae
870 2279 1039 2342 victoriam
1061 2278 1101 2342 de
1123 2298 1223 2344 aemu-

149 2375 180 2442 lis
198 2396 416 2471 reportaverat,
439 2397 529 2454 tanta
552 2398 656 2454 eutem
678 2391 787 2473 inopia
801 2408 906 2453 rerum
922 2387 963 2450 ad
978 2387 1096 2452 victum
1117 2407 1223 2452 neces·

151 2491 280 2560 lariorum
302 2505 334 2562 et
356 2505 445 2562 tanta
465 2498 640 2563 vinolentia
662 2506 740 2580 erat,
761 2505 797 2562 ut
818 2497 858 2562 do
873 2516 912 2562 eo
928 2496 1118 2575 dicerentur,
1140 2517 1222 2578 quae

151 2592 175 2657 in
192 2619 252 2684 equ.
273 2605 336 2667 534
357 2606 507 2689 legimus:

797 2715 875 2778 ἀλλὰ
897 2713 991 2803 γέρων
1014 2715 1053 2777 ὢν
1075 2711 1221 2797 περιέρρει,

152 2807 230 2902 ὥσπερ
251 2817 398 2904 Κοννᾶς,
433 2822 608 2908 στέφανον
631 2823 691 2907 μὲν
713 2821 808 2908 ἔχων
841 2820 940 2905 αὖον,
977 2822 1061 2906 δίψῃ
1084 2824 1114 2885 δ’
1137 2821 1223 2884 ἀπο·

1025 2931 1159 3000 holda

231 3037 390 3105 Pertinent
410 3041 490 3106 haec
512 3043 610 3106 verba
626 3040 666 3104 ad
682 3041 853 3121 Cratinum,
875 3040 1085 3104 clarissimum
1101 3060 1222 3106 oomoe

154 3131 251 3209 diarum
270 3150 459 3233 scriptorem
481 3151 715 3215 Atheniensem.
760 3150 992 3232 Aristophanes
1011 3149 1221 3214 Athenienses

154 3255 269 3321 graviter
289 3266 421 3323 accusat
448 3261 489 3323 ob
515 3260 674 3342 ingratum
705 3261 738 3323 in
770 3259 932 3322 Cratinum
966 3259 1115 3340 animum3
1149 3280 1221 3322 nam

154 3348 302 3447 Cratinum,
336 3388 406 3431 curn
437 3376 531 3433 antea
560 3369 711 3452 populum
734 3368 899 3453 permultis
923 3367 1095 3431 comoediis
1117 3366 1220 3431 delec-

154 3463 254 3546 irverit,
275 3483 307 3539 et
329 3478 520 3541 auctoritate
542 3477 685 3542 floruerit
708 3477 911 3560 amplissima,
934 3487 998 3540 tum
1022 3495 1127 3541 senem
1149 3494 1222 3540 esse

155 3576 305 3656 neglectum
336 3607 440 3671 neque
472 3586 655 3651 conditione
675 3585 807 3650 meliore
829 3605 921 3667 quam
944 3584 1088 3649 Connam
1115 3583 1220 3648 tibici-

154 3694 215 3750 lesst
251 3692 319 3758 Non
345 3704 466 3760 temere
497 3695 603 3759 dictae
631 3701 704 3758 sunt
729 3715 749 3759 a
774 3708 871 3777 poeta
897 3713 1011 3773 voces,
1046 3713 1128 3776 quae
1150 3700 1222 3757 sumt

155 3782 208 3859 ²¹30<
225 3808 253 3864 et
272 3803 353 3887 δίψα;
388 3804 446 3867 illa
468 3806 550 3868 enim
578 3803 739 3886 significat
766 3810 960 3867 senectutem
988 3802 1124 3884 Cratini,
1160 3802 1231 3865 hao·

155 3903 301 3988 testigatur
324 3912 495 3977 vinolentia
518 3912 601 3995 ejus,
625 3896 857 3995 quae'saapius
880 3919 990 3976 notata
1010 3912 1142 3994 legitur,
1171 3931 1221 3976 ve·

156 3995 199 4068 luti
216 4012 244 4078 in
262 4040 329 4102 pac.
353 4019 415 4082 703
438 4041 509 4104 equ.
532 4020 602 4083 535.
627 4020 695 4082 700.
773 4055 777 4064 ·

233 4125 289 4192 Sed
304 4141 339 4194 ut
354 4129 480 4194 redeam
495 4131 535 4192 ad
548 4130 699 4193 Connam.
735 4129 935 4193 Scholiastes
957 4129 987 4193 h.
1004 4129 1024 4194 l.
1048 4128 1220 4193 memoriae

156 4222 268 4319 tradidit,
289 4258 371 4322 quae
392 4239 541 4302 Cratinus
565 4239 604 4303 de
627 4238 736 4303 eodem
760 4237 856 4303 dixit:

276 4344 355 4410 ἔσθιε
376 4347 422 4408 καὶ
443 4351 480 4430 τῇ
496 4349 594 4430 γαστρὶ
615 4347 694 4410 δίδου
718 4348 812 4431 χάριν,
835 4342 912 4429 ὄφρα
934 4367 967 4409 οε
989 4349 1071 4428 λιμὸς

277 4455 411 4541 ἐχθαίρῃ,
435 4451 543 4524 Κοννᾶς
567 4457 600 4519 δὲ
622 4452 840 4540 πολυστέρονὸς
863 4479 896 4517 σε
915 4456 1035 4538 φιλήσῃ.

1104 4569 1122 4621 4
