2866 5176
79 1576 264 1672 Proverbia
289 1609 531 1692 locutionesque
566 1611 718 1691 vulgares
751 1611 784 1674 in
818 1612 962 1676 omnibus
985 1612 1181 1678 Graecorum

80 1717 211 1802 scriptis
226 1717 445 1801 inveniuntur3
466 1719 535 1801 jam
557 1720 641 1802 apud
657 1720 829 1784 Homerum
845 1720 979 1804 legimus
994 1722 1181 1804 locutiones

81 1835 258 1907 quaesunt
291 1829 330 1893 ὡς
364 1826 419 1888 αἰεὶ
453 1827 501 1888 τὸν
538 1827 637 1910 ὁμοῖον
671 1826 734 1910 ἄγει
766 1829 835 1897 θεὸς
867 1832 907 1896 ὡς
941 1830 990 1892 τὸν
1017 1831 1116 1913 bpeiov
1148 1832 1181 1895 in

80 1935 140 2000 Od.
173 1934 284 2017 17218
317 1942 349 2000 et
381 1935 442 1996 οὐδ’
476 1935 535 1997 ἅλα
567 1935 647 2019 δοίης
677 1938 711 2000 in
744 1939 815 2002 Od.⁴
837 1939 955 2021 rudes.
991 1938 1030 2004 cf.
1064 1940 1200 2023 Bergk,

80 2045 210 2110 Griech.
233 2045 295 2108 Lit.
320 2045 436 2109 Gesch.
460 2067 490 2127 p.
514 2044 646 2108 360-9.

61 2163 63 2168 '
182 2153 293 2236 Neque
316 2160 421 2218 tamen
442 2154 503 2217 hae
525 2160 644 2217 tantum
660 2155 840 2222 locutiones
860 2157 1080 2240 proverbiales
1097 2159 1182 2242 apud

81 2263 254 2327 Homerum
277 2271 461 2343 occurrunt,
495 2262 551 2326 sed
579 2264 694 2327 multae
716 2265 930 2347 inveniantur,
965 2244 1085 2348 siquis
1108 2267 1181 2332 huic

81 2373 175 2455 operi
198 2372 335 2436 studium
359 2371 564 2455 impenderit;
600 2392 617 2436 e
650 2374 764 2455 quibus
797 2375 964 2438 nonnullas
991 2375 1044 2440 bic
1070 2382 1182 2442 notare

80 2481 192 2561 liceat,
225 2481 325 2546 veluti
350 2480 491 2561 11.4,35.
515 2479 677 2562 9,38b-b.
715 2481 833 2564 lt),ll3.
863 2482 983 2558 reate.
1027 2485 1108 2548 Tum
1141 2488 1181 2550 ab

80 2590 225 2654 Hesiodo
249 2601 436 2674 septemque
457 2591 511 2675 qui
534 2591 681 2654 dicuntur
704 2592 901 2675 sapientibus
923 2592 1038 2656 multas
1061 2604 1182 2659 senten·

80 2700 145 2762 tias
167 2700 408 2783 locutionesque
431 2721 502 2765 esse
529 2700 646 2780 dictas,
680 2720 762 2784 quae
783 2709 908 2786 ,postea
939 2703 971 2764 in
1005 2723 1061 2768 ore
1094 2704 1182 2786 vulgi

80 2816 302 2892 versarentur,
326 2812 396 2892 quis
414 2820 470 2891 cst,
493 2811 546 2892 qui
570 2808 714 2872 nesciat?
751 2811 822 2873 Jam
838 2830 916 2874 vere
932 2811 964 2873 in
986 2812 1181 2894 tragicorum

81 2924 115 2982 et
143 2919 334 2981 comicorum
368 2925 531 3002 poetarum
567 2919 682 2984 fabulis
715 2940 860 2982 numerus
885 2919 1079 3009 locutionum
1113 2942 1183 3006 pro·

80 3026 269 3091 verbialium
303 3048 406 3092 nonne
442 3048 573 3109 magnus
607 3030 678 3094 est?
732 3028 844 3110 Neque
875 3029 1017 3111 ignotum
1050 3036 1114 3111 est,
1148 3032 1182 3094 in

80 3136 173 3200 libris
197 3137 344 3200 Platonis
368 3143 399 3200 et
421 3137 604 3201 Aristotelis
627 3137 826 3220 aliorumque
848 3138 1054 3222 scriptorum,
1082 3139 1181 3204 veluti

80 3245 256 3327 Plutarchi,
279 3247 413 3310 Luciani
433 3246 613 3311 locutiones
628 3247 848 3329 proverbiales
870 3267 933 3310 uon
956 3268 1055 3329 parve
1077 3248 1182 3314 inesse

80 3374 221 3418 numere.
267 3355 330 3420 Sed
353 3377 409 3418 cur
431 3375 539 3420 omnes
566 3356 765 3439 antiquitatis
795 3357 970 3438 scriptores
993 3377 1181 3440 enumerem,

82 3485 153 3527 curn
175 3471 282 3528 notum
306 3466 355 3544 sit,
379 3485 450 3529 esse
464 3465 627 3542 neminem,
651 3485 670 3527 a
690 3485 752 3547 quo
767 3465 945 3529 locutiones
960 3467 1181 3549 proverbiales

81 3594 143 3637 non
168 3559 231 3636 sint
253 3573 438 3637 adhibitae?

184 3684 290 3764 Atque
314 3703 382 3746 curn
405 3681 586 3765 proverbiis
618 3682 894 3765 locutionibusque
926 3684 1182 3766 proverbialibus

80 3801 207 3858 veteres
231 3793 349 3857 elocuti
372 3792 442 3872 sint,
467 3812 548 3873 quae
571 3792 612 3854 ad
634 3793 720 3855 vitae
745 3792 901 3857 rationem
924 3813 962 3855 ac
985 3793 1069 3856 viam
1092 3799 1182 3857 recte

81 3902 305 3965 instituendam
328 3901 496 3965 utilissima
519 3903 687 3984 putabant,
720 3901 767 3963 ita
798 3909 833 3964 ut
865 3901 956 3984 quasi
988 3902 1020 3964 in
1049 3901 1180 3984 speculo

82 4031 186 4074 mores
208 4018 349 4075 veterum
372 4011 403 4073 in
426 4011 609 4094 proverbiis
632 4017 809 4091 cernantur,
833 4030 951 4093 operae
972 4011 1108 4094 pretium
1130 4010 1180 4093 sit,

82 4139 123 4184 cx
143 4121 203 4183 hac
231 4140 355 4203 quoque
387 4129 480 4202 parte
513 4139 668 4202 quaerere
701 4128 797 4200 atque
828 4139 1036 4204 cognoscere,
1070 4119 1180 4202 quales

82 4235 224 4292 veterum
246 4249 350 4292 mores
373 4228 497 4292 fuerint.
544 4228 613 4292 Nec
634 4235 761 4292 veteres
793 4228 883 4309 ipsos
916 4227 1038 4308 effugit,
1072 4229 1182 4311 quanti

82 4337 124 4400 ad
147 4357 250 4402 mores
273 4338 515 4420 cognoscendos
537 4337 687 4401 momenti
716 4337 780 4399 sint
807 4337 992 4420 proverbia,
1026 4356 1182 4420 quaprop-

80 4453 131 4511 ter
149 4446 219 4530 jam
241 4447 433 4511 Aristoteles
456 4454 538 4512 teste
560 4447 705 4529 Diogene
724 4446 854 4510 Laertio
870 4445 910 4528 V,
932 4444 973 4508 26
995 4445 1035 4511 dc
1055 4465 1183 4528 prover·

1069 4563 1081 4613 l
