2866 5176
782 316 823 379 52

257 519 377 599 Quibus
399 521 506 585 verbis
521 519 596 602 quid
609 539 689 583 anus
712 520 837 598 dixerit,
858 519 1002 602 pluribus
1023 518 1186 602 explicare
1201 517 1356 582 decorum

257 651 306 695 me
328 638 424 694 vetat.
453 629 563 694 Sahal:
586 627 694 711 εὐήθης
717 628 762 688 καὶ
785 631 868 710 μωρὰ
884 628 901 708 i,
919 623 1072 710 Χαριξένη.
1106 627 1227 690 lladem
1242 626 1357 690 mulier

258 746 520 803 commemoratur
541 739 580 801 ab
603 737 747 801 llustath.
771 737 812 800 ad
834 737 925 799 Hom.
950 736 987 799 ll.
1011 737 1050 817 B,
1082 733 1158 816 326,
1191 735 1233 797 44
1260 742 1294 801 et
1321 737 1356 800 in

258 848 361 932 Etym.
385 848 428 912 M.
450 844 520 927 367,
541 844 581 906 21
606 855 638 910 et
661 846 692 908 in
722 847 806 929 App.
828 846 916 929 prob.
939 845 979 926 Π,
1002 842 1052 908 82.

357 976 387 1038 Α
408 974 541 1051 nomine,
562 972 646 1056 quod
669 987 718 1036 est
740 971 866 1037 Graece
887 970 1008 1050 Μακκώ,
1032 970 1208 1035 derivatum
1223 980 1272 1038 cst
1286 993 1358 1037 ver·

256 1084 330 1147 bum
353 1085 490 1166 μακκοᾶν,
514 1081 698 1164 significans
720 1081 802 1145 idem
826 1087 920 1163 atque
943 1079 1097 1163 desipere,
1121 1080 1153 1142 in
1176 1102 1246 1164 equ.
1270 1079 1311 1143 62

458 1231 473 1293 ὁ
497 1232 522 1294 δ’
544 1231 631 1293 αὐτὸν
653 1233 693 1298 ὡς
716 1230 771 1313 ὁρᾷ
792 1227 1067 1311 μεμακκοακότα

457 1341 560 1425 τέχνην
581 1339 744 1422 πεποίηται.

259 1509 347 1586 Quae
369 1510 468 1572 verba
483 1508 523 1571 ad
547 1507 697 1572 Cleonem
713 1507 879 1589 pertinent,
904 1506 1060 1589 quomodo
1076 1507 1227 1590 populum
1242 1505 1358 1573 fraude

259 1618 408 1703 decipiat.
453 1618 554 1682 Recte
577 1617 765 1681 scholiastes
787 1614 856 1680 cod.
880 1615 910 1678 R
932 1619 1060 1697 μακκοᾶν
1083 1616 1225 1699 explicat
1244 1635 1302 1698 per
1318 1615 1358 1678 τὰ

259 1723 396 1792 Μακκοῦς
418 1729 593 1810 ρρονοῡντα;
617 1733 729 1790 contra
750 1725 860 1806 inepta
881 1733 931 1788 cst
951 1724 1032 1788 alius
1048 1726 1240 1790 scholiastae
1261 1725 1360 1789 iuter·

258 1837 405 1919 pretati0,
428 1836 482 1918 qui
503 1836 585 1900 hanc
607 1855 719 1899 vocem
741 1834 865 1898 derivat
887 1854 925 1896 cx
949 1834 1055 1913 μάταια
1074 1837 1149 1895 κοεῐν
1177 1835 1197 1897 i.
1221 1854 1248 1899 e.
1271 1836 1358 1898 νοεῖν.

357 1961 444 2025 Idem
466 1964 596 2026 verbum
618 1960 759 2024 occurrit
780 1960 811 2021 iu
834 1958 976 2041 ejusdem
998 1958 1125 2025 fabulae
1158 1980 1251 2024 versu
1284 1957 1358 2042 396,

258 2071 312 2134 ubi
335 2072 416 2134 haec
438 2070 600 2152 leguntur:

408 2212 441 2274 οὐ
466 2210 575 2296 δέδοιχ’
598 2211 681 2293 ὑμᾶς,
703 2208 759 2277 ἕως
782 2207 816 2271 ἂν
839 2213 877 2293 ζῇ
897 2211 930 2271 τὸ
953 2210 1157 2295 βουλευτήριον

408 2319 454 2381 καὶ
476 2320 508 2382 τὸ
531 2323 582 2381 τοῦ
604 2321 699 2402 δήμου
722 2315 874 2400 πρόςωπον
897 2324 1034 2403 μακκοᾷ
1056 2321 1228 2404 καθήμενον.

359 2478 461 2543 Simili
484 2479 606 2543 ratione
628 2479 761 2562 legimus
785 2479 824 2542 de
846 2479 970 2542 nomine
989 2474 1117 2561 Κοίοορα
1139 2480 1270 2564 petitum
1289 2501 1359 2544 ver-

257 2590 339 2670 bum,
363 2589 446 2670 quod
469 2598 519 2653 est
553 2585 915 2670 ἐγκεκοισυρωμένην,
943 2588 1074 2653 inmub.
1097 2587 1146 2671 48,
1169 2589 1223 2651 ubi
1251 2589 1358 2657 schol:

259 2700 400 2781 περισσῶς
412 2696 637 2780 κεκοσμημένην.
683 2697 824 2779 Cossyra
841 2698 930 2776 enim,
952 2718 1032 2760 uxor
1054 2697 1213 2762 Pisistrati
1241 2719 1360 2780 magua

171 2876 173 2880 ,
260 2808 410 2890 superbia
441 2804 630 2887 luxuriaque
663 2812 732 2869 crat
765 2826 895 2888 eamque
922 2808 962 2870 eb
986 2827 1113 2870 causam
1135 2808 1244 2872 inore
1267 2806 1359 2890 vulgi

259 2917 460 2997 versabatur3
496 2924 691 2998 quapropter
724 2914 926 2997 Strepsiades
958 2915 980 2978 l.
1004 2916 1225 2980 c.›mulier·em
1258 2937 1359 2999 suem,

260 3044 340 3106 quae
362 3024 523 3088 luxuriose
545 3025 742 3107 superbeque
764 3044 798 3088 sc
820 3026 965 3106 gerebat,
991 3023 1272 3108 ἐγκεκοισυρωμένην
1304 3045 1360 3110 ap-

257 3133 367 3218 pellat.

358 3245 408 3307 Ab
429 3241 581 3306 Herculis
603 3241 789 3323 voracitate,
824 3261 917 3324 quam
950 3243 982 3304 in
1015 3263 1085 3327 pac.
1110 3240 1180 3307 741.
1202 3263 1270 3306 ran.
1293 3243 1358 3306 551

258 3359 399 3416 notatam
419 3351 569 3434 legimus,
603 3348 737 3414 formata
759 3360 808 3415 est
830 3350 962 3431 locutio,
996 3371 1077 3432 quae
1099 3360 1148 3416 est
1167 3348 1360 3436 Ἡρακλῆς

259 3459 438 3532 ξενίζεται
458 3461 491 3522 in
513 3460 587 3540 Lys.
611 3457 680 3540 928,
702 3461 757 3523 ubi
778 3459 931 3540 Oinesias,
954 3459 1065 3523 illusus
1088 3463 1128 3524 ab
1144 3481 1250 3543 uxore,
1274 3483 1361 3545 quae

259 3569 299 3633 de
320 3564 478 3632 industria
500 3577 622 3650 tempus
644 3571 775 3633 terendo
797 3589 921 3645 eorum,
956 3589 1037 3652 quae
1063 3590 1097 3634 se
1120 3571 1166 3633 illi
1189 3573 1360 3654 praestitu-

258 3700 326 3742 ram
348 3696 420 3743 esse
441 3679 639 3762 promiserat,
663 3678 741 3741 nihil
757 3679 950 3760 praestabat,
973 3678 1021 3741 his
1044 3680 1150 3743 vorbis
1163 3687 1358 3763 conquestus

259 3796 321 3853 est:
346 3788 411 3849 ἀλλ’
434 3786 466 3848 τὸ
490 3785 559 3852 πέος
581 3784 643 3848 τόδ’
663 3782 811 3869 Ἡρακλῆς
832 3786 973 3867 ξενίζεται,
997 3787 1110 3869 quibus
1132 3789 1239 3852 verbis
1260 3790 1360 3872 signi-

257 3895 344 3977 ficat,
368 3896 429 3959 sihi
450 3895 534 3960 idem
557 3896 743 3978 contingere
765 3901 861 3977 atique
882 3896 937 3976 eis,
960 3896 1014 3977 qui
1037 3897 1205 3962 Herculem
1224 3919 1358 3983 excepe

258 4005 323 4067 rint
344 4014 377 4068 et
397 4026 459 4068 nna
488 4026 558 4068 cum
592 4025 630 4070 eo
667 4009 789 4069 cenent.
833 4002 878 4066 lis
900 4005 997 4085 euim,
1031 4005 1084 4087 qui
1112 4025 1181 4068 cum
1213 4006 1358 4074 Hercule

259 4113 448 4177 edacissimo
471 4134 533 4177 una
562 4117 732 4192 conabant,
766 4111 895 4176 multum
922 4114 1073 4196 temporis
1107 4115 1358 4198 exspectandum

259 4228 337 4301 erat,
371 4221 475 4305 quoad
508 4223 601 4286 heros
630 4223 712 4286 cibis
739 4230 825 4287 esset
856 4223 989 4286 satiatus
1022 4222 1061 4286 cl.
1094 4223 1193 4288 schol.
1216 4224 1256 4287 ad
1279 4225 1356 4308 Lys.

258 4327 328 4406 928,
351 4333 464 4413 Apost.
487 4330 577 4410 Vlll,
601 4329 649 4393 63.
693 4331 764 4396 Νοο
788 4332 865 4397 satis
888 4331 1006 4395 locutio
1029 4334 1069 4394 ab
1092 4332 1225 4397 Erasmo
1241 4355 1271 4417 p.
1292 4333 1357 4398 689

258 4438 420 4523 explicata
441 4447 498 4520 est,
521 4439 576 4520 qui
608 4441 687 4506 dicit
721 4440 918 4520 „dictitatum
950 4439 1008 4522 (sc.
1039 4442 1265 4525 proverbium),
1301 4446 1358 4509 ubi
