2782 5032
562 273 583 304 Ο

479 336 678 432 ,τι-

51 536 94 618 μία
114 558 175 602 oum
197 538 401 621 sequentibus
435 535 497 623 αίρε
524 540 670 622 πλῆκτρον
693 538 844 620 conjungi
866 536 942 602 vult.
987 536 1129 602 Affirma-

51 654 95 709 tur
114 647 287 726 conjeotura
309 668 378 712 mea
412 668 459 731 eo,
493 649 578 732 quod
600 649 718 714 Zenob.
745 645 813 722 1,68
846 655 1014 731 cognatam
1046 648 1131 712 loeu-

51 755 152 818 tionem
170 757 306 821 notavit:
331 756 523 841 ἀλεκτρυόνος
546 755 710 842 μέμφεσθαι
724 756 848 820 κοιλίαν·
864 758 910 821 ἐπὶ
924 760 980 820 τῶν
1003 756 1066 841 περὶ
1081 757 1131 819 τδν

53 862 104 945 βίον
123 866 287 929 πολυτελῶν
311 864 357 927 καὶ
380 866 580 953 ἁβροδιαίτων.

138 973 182 1038 De
197 975 252 1056 eis,
276 966 331 1057 qui
352 995 392 1040 ex
406 977 501 1041 rebus
512 975 641 1040 minutis
663 975 777 1038 nimios
793 973 914 1039 fruetus
930 981 1130 1056 quaererent,

55 1079 198 1147 dicebatur
232 1085 452 1169 proverbium:
488 1086 550 1168 μία
596 1082 712 1168 λόχμη
756 1083 818 1146 δύο
854 1084 1047 1166 ἐριθαίκους
1091 1081 1130 1146 οὐ

55 1188 163 1274 τρέφει.
193 1194 230 1257 ln
253 1214 340 1278 vesp.
363 1192 455 1275 9273
477 1195 510 1258 in
532 1193 609 1259 ficto
627 1195 754 1277 judioio
777 1194 874 1273 oanis,
897 1214 980 1277 quae
1002 1213 1131 1257 aecusa-

55 1299 118 1364 toris
136 1309 239 1385 partos
262 1304 437 1386 obtinebat,
460 1326 479 1368 a
501 1303 707 1368 Philocleono
725 1302 837 1386 judice
859 1302 952 1386 petit,
986 1307 1020 1366 ut
1042 1302 1131 1366 oanis

57 1418 181 1476 accusata
203 1413 364 1497 supplicio
387 1413 555 1495 afficiatur,
578 1413 625 1477 sic
647 1406 793 1496 loquens:

178 1557 249 1639 πρδς
273 1558 363 1618 ταῦτα
385 1557 487 1619 τοῦτον
508 1557 652 1619 κολάσατ’·
675 1554 709 1618 οὐ
742 1553 797 1639 γὰρ
820 1552 854 1616 ἄν
877 1575 949 1616 ποτε

179 1662 293 1748 τρέφειν
317 1665 422 1727 δύναιτ’
445 1662 480 1727 ἄν
493 1664 553 1748 ’μία
575 1663 673 1749 λόχμη
695 1663 807 1727 κλέπτα
829 1663 891 1745 oso,

59 1798 147 1880 quibus
181 1807 290 1872 verbis
323 1814 420 1892 poeta
454 1808 488 1871 id
524 1807 728 1891 proverbium
764 1807 872 1889 tetigit
909 1805 993 1889 quod
1034 1825 1131 1891 supra

59 1910 198 1977 nominavi.
242 1914 409 2000 Sumptum
443 1926 492 1981 ost
523 1937 543 1980 a
575 1923 689 1980 natura
716 1915 850 2008 erithaoi
873 1916 943 1980 avis
968 1914 1132 1995 eujusdam

10 2102 12 2107 Ι
60 2016 193 2089 solitariae
215 2031 247 2088 et
276 2026 421 2109 rapacis3
444 2045 517 2088 nam
538 2045 641 2109 rapax
656 2030 706 2088 est
727 2026 796 2088 avis
818 2024 999 2088 erithaoeus
1014 2031 1047 2088 et
1061 2023 1132 2088 sola
1165 2054 1168 2059 ·

10 2136 12 2145 '
59 2131 153 2195 unum
166 2134 276 2198 vivore
295 2133 387 2220 solet,
408 2134 491 2198 utin
509 2154 546 2199 eo
560 2135 621 2198 lem
637 2132 720 2197 saltu
737 2154 801 2196 non
818 2138 936 2223 temere
954 2132 1015 2196 nisi
1037 2152 1131 2194 unam

60 2233 183 2322 invenias,
202 2249 238 2307 ut
252 2243 373 2307 Erasm.
390 2264 421 2327 p.
438 2233 500 2305 313
515 2243 618 2308 donet.
656 2243 913 2325 Interpretantur
926 2240 1131 2325 proverbium

61 2343 133 2412 simili
160 2352 283 2416 rationo
315 2353 428 2436 Δροσί.
454 2350 552 2432 11‚6s.
576 2352 694 2417 Zenob.
726 2350 805 2430 5‚11.
837 2351 932 2433 Diog.
965 2348 1052 2431 als:
1084 2347 1132 2410 ἐπὶ

61 2456 103 2514 τῶν
119 2456 145 2520 lx
165 2463 265 2543 μικροῦ
287 2483 362 2529 τινος
382 2458 481 2523 πολλὰ
502 2459 736 2533 σπουδαζόντων.
772 2459 888 2525 Melius
905 2459 1026 2523 Erasm.
1049 2459 1070 2521 l.
1088 2478 1130 2522 o.:

63 2564 133 2639 „nihi
151 2569 276 2634 videtur
295 2590 359 2635 non
381 2570 649 2654 intempestiviter
671 2569 737 2634 diei
756 2587 853 2654 posse
872 2569 905 2632 in
928 2587 992 2650 eos,
1017 2567 1132 2650 quibus

62 2686 147 2751 paron
166 2679 316 2744 convenit
346 2699 406 2744 neo
438 2680 472 2743 in
494 2679 608 2744 eodem
632 2699 761 2744 munere
784 2677 987 2743 concorditer
1007 2675 1132 2741 versari

63 2788 179 2860 queunt“
522 2775 525 2779 ⁵

136 2895 247 2963 Notum
271 2903 329 2978 est,
352 2897 485 2980 gruibus
509 2895 769 2962 consuetudinem
792 2915 877 2976 esso,
898 2901 933 2959 ut
953 2894 1078 2979 lapides
1099 2893 1132 2957 in

63 3017 105 3064 ore
125 3023 223 3071 seeum
255 3013 399 3092 portent;
435 3006 525 3086 cnjus
558 3005 798 3070 consuetudinis
831 3005 1021 3069 mentionem
1054 3002 1133 3066 faoit

10 3116 13 3185 ζ
62 3115 182 3188 poeuis
205 3136 253 3180 ur.
279 3113 398 3199 usos,
422 3116 476 3179 ubi
498 3116 627 3179 nuntius
643 3113 865 3179 Peithotaorus
887 3111 1029 3178 referens
1059 3131 1133 3195 quo·

62 3217 133 3286 nodo
151 3227 223 3289 urbs
246 3225 351 3289 avium
374 3220 630 3308 Νεφελοκοκκυγία
652 3221 885 3305 aedificatasit,
909 3242 979 3286 eum
991 3221 1132 3285 aliatum

10 3332 13 3415 j
62 3321 123 3392 haer
140 3341 253 3416 narrat,
276 3353 371 3417 grues
394 3332 540 3399 attulisse
560 3332 705 3417 lapides:

231 3483 265 3547 ἐκ
286 3483 391 3569 μένγε
412 3482 517 3568 Λιβύης
536 3483 607 3567 ἧκον
630 3485 670 3551 ὡς
692 3484 845 3566 τριςμόριοι

229 3592 346 3678 γέρανοι
366 3592 522 3675 θεμελίους
543 3596 781 3655 καταπεπωκυῖαι
803 3590 903 3659 λίθους

64 3719 128 3786 etin
145 3745 191 3792 av.
214 3724 327 3809 1428‚9
348 3727 388 3794 de
411 3727 622 3811 synophanta:

10 3956 12 3963 Ι
183 3881 257 3961 μετὰ
278 3882 336 3942 τῶν
357 3878 488 3962 γεράνων
512 3878 536 3940 τ’
559 3876 670 3940 ἐκεῖθεν
693 3875 855 3962 ἀναχωρῶν
876 3877 962 3938 πόλιν

10 3976 14 4067 l
176 3985 244 4051 Ιαἰνθ’
263 3985 388 4072 ἕρματος
409 3985 524 4055 πολλὰς
546 3986 769 4053 καταπεπωκὼς
790 3985 879 4053 δίκας.

141 4135 343 4215 Qusdeosusa
364 4159 461 4223 grues
481 4139 609 4223 lapides
624 4158 731 4204 senum
746 4137 1024 4222 portare-soleant,
1043 4135 1133 4202 vario

65 4239 187 4331 batillum
202 4247 392 4314 scholiastes
410 4249 493 4314 enim
509 4249 603 4314 dicit:
626 4248 768 4315 πολλάκις
782 4246 830 4309 καὶ
843 4245 1034 4330 στηρίγματος
1048 4243 1133 4308 ἕνεκα

65 4351 219 4439 τιῑίῑφὲρουσι
240 4356 339 4426 λίθους
360 4356 389 4420 αἱ
410 4355 524 4442 γέρανοι
546 4360 617 4441 πρδς
639 4356 672 4419 τὸ
696 4356 736 4440 μὴ
760 4353 986 4442 παραφέρεσθαι
1006 4353 1131 4439 ἀνέμοις.

67 4449 190 4531 Similiter
209 4467 332 4552 Vergil,
354 4486 466 4551 georg.
487 4464 596 4550 4‚194:
