2866 5176
708 320 906 416 Ar„

358 523 395 586 In
417 543 505 607 vesp.
530 521 585 585 771
610 523 704 607 hujus
725 524 896 588 locutionis
918 522 1109 587 mentionem
1131 519 1248 584 laetam
1271 539 1362 585 csse:

460 657 506 719 καὶ
527 660 617 719 ταῦτα
640 657 690 740 μὲν
713 655 763 718 οὖν
784 654 924 738 εὐλόγως,
948 653 987 739 ἤν
1010 654 1116 739 ἐξέχῃ

461 764 537 849 είλη
560 765 615 827 καὶ
636 763 777 849 ὄρθρον,
799 767 910 846 ἡλιάσει
932 765 1004 846 πρὸς
1025 765 1136 848 ἥλιον·

462 872 512 935 ἐὰν
535 875 568 936 δὲ
589 874 666 959 νίφρ,
690 874 761 958 πρὸς
783 875 815 935 τδ
835 876 890 956 πῦρ
913 873 1087 957 καθήμενος,

258 997 324 1080 jam
342 997 539 1063 Burmannus
561 1000 593 1062 in
617 1007 781 1065 comment.
805 999 896 1063 adh.
920 998 1096 1062 luctavit.
1130 996 1222 1074 Quod
1245 996 1284 1060 ad
1309 997 1363 1059 hu-

258 1106 312 1187 jus
333 1106 503 1170 locutionis
524 1108 677 1190 originem
706 1110 830 1189 attinet,
864 1107 1022 1191 Bergkius
1055 1108 1087 1169 in
1114 1114 1200 1190 poet.
1228 1105 1287 1189 lyr.
1314 1125 1363 1188 gr.

262 1237 292 1299 p.
311 1213 516 1276 inst-1312
531 1217 685 1298 admonet,
709 1240 777 1282 eam
797 1239 836 1282 ex
859 1219 998 1281 carmine
1021 1216 1168 1300 populari
1190 1213 1364 1298 prodiisse.

363 1342 436 1405 Alia
457 1363 624 1425 puerorum
640 1344 760 1409 locutio
780 1355 828 1408 est
849 1347 896 1427 τῷ
918 1341 1034 1404 σκέλει
1056 1343 1116 1425 τὴν
1139 1338 1265 1422 πέτραν
1289 1338 1365 1402 δεί-

262 1470 342 1531 νειν,
377 1471 439 1532 qua
461 1461 556 1534 poeta
577 1453 609 1516 in
632 1473 681 1516 ar.
701 1453 743 1514 54
764 1473 838 1516 usus
858 1457 918 1532 est,
953 1452 1006 1514 ubi
1028 1451 1248 1514 Peithetaerus
1271 1448 1367 1513 Euel-

262 1557 369 1641 pidem
390 1571 558 1644 postquam
581 1562 620 1625 ad
644 1583 754 1626 saxum
775 1566 1002 1646 pervenerunt,
1036 1558 1099 1645 nbi
1122 1568 1216 1641 porta
1248 1557 1367 1621 domus

262 1688 390 1750 upupae
423 1678 503 1750 ciat,
535 1671 584 1733 his
618 1673 725 1736 verbis
759 1671 915 1735 allocutus
942 1676 1004 1735 est:
1038 1673 1079 1752 τῷ
1102 1666 1199 1729 σκέλει
1220 1664 1288 1728 δένε
1312 1665 1368 1748 τὴν

263 1775 379 1860 πέτραν.
413 1778 497 1843 Usus
520 1787 569 1843 est
588 1794 685 1864 poeta
699 1781 859 1844 locutione
875 1779 1011 1863 quadam
1026 1797 1203 1860 puerorum,
1225 1782 1261 1838 ut
1275 1775 1370 1839 scho-

263 1881 374 1950 liastes
397 1886 503 1951 docet:
528 1889 599 1970 πρὸς
621 1891 744 1971 τὴντῶν
767 1890 877 1951 παίδων
900 1888 1052 1971 συνήθειαν
1075 1889 1158 1948 τοῦτο
1182 1883 1272 1964 λέγει·
1294 1882 1371 1967 φασὶ

160 2057 162 2060 ⁴
264 1994 318 2077 γὰρ
341 1996 442 2060 ἐκεῖνον
464 1998 534 2081 πρὸς
550 1998 700 2082 ἀλλήλους
715 1997 823 2065 ἰδόντες
844 1995 929 2080 ὄρνεα
952 1997 1021 2079 „om
1038 1995 1070 2056 ιδ
1086 1993 1188 2062 σκέλος
1210 1997 1249 2076 τῇ
1270 1990 1370 2076 πέτρᾳ

265 2102 312 2165 καὶ
333 2109 484 2168 πεσοῦνται
507 2105 541 2168 τὰ
565 2105 678 2188 ὅρνεα.“
723 2107 875 2172 Similiter
897 2106 981 2190 apud
1005 2125 1062 2168 nos
1084 2104 1188 2189 pueri,
1218 2122 1290 2166 cum
1313 2122 1371 2166 vo·

266 2213 371 2278 lucres
394 2216 517 2296 vident,
550 2237 629 2299 quas
652 2237 768 2301 capere
791 2218 934 2300 cupiunt,
962 2216 1045 2279 inter
1068 2234 1102 2278 se
1120 2213 1235 2297 jocose
1258 2212 1374 2277 dicere

267 2322 370 2386 solent
394 2333 499 2403 ,streu
522 2326 592 2390 dem
614 2327 719 2408 Vogel
743 2326 815 2390 Salz
840 2325 896 2389 aul
914 2326 974 2390 den
997 2324 1179 2388 Schwanz.“

366 2448 415 2512 De
437 2449 654 2515 adulatoribus
676 2451 796 2515 locutio
818 2453 851 2515 in
873 2470 932 2514 usu
948 2459 1025 2530 erat,
1048 2468 1128 2531 quae
1151 2453 1201 2512 est
1222 2445 1377 2528 ἀφαιρεῖ

267 2553 454 2638 κρδκυδας,
478 2580 570 2642 quam
592 2560 838 2644 Aristophanem
861 2579 1032 2642 usurpasse
1052 2558 1151 2623 refert
1171 2556 1297 2621 Suidas.
1328 2555 1372 2621 cf.

266 2666 364 2729 Arist.
388 2666 493 2749 frgmt.
517 2666 587 2731 360.
632 2669 751 2734 Eadem
781 2668 820 2732 de
848 2668 1010 2733 locutione
1038 2667 1213 2752 disputavit
1234 2665 1373 2749 Phryni-

268 2775 345 2838 chus
380 2775 441 2856 (cd.
465 2777 597 2859 Bekk.)
620 2777 705 2859 427:
740 2777 849 2840 τίθεται
875 2776 907 2839 δὲ
934 2777 979 2838 ἐπὶ
1004 2780 1061 2838 τῶν
1087 2777 1180 2839 πάντα
1206 2772 1372 2838 ποιούντων

267 2886 314 2949 διὰ
346 2884 514 2965 κολακείαν,
548 2886 625 2948 ὥστε
657 2887 702 2948 καὶ
733 2885 951 2971 παρεπομένους
981 2887 1112 2969 ἀφαιρεῖν
1138 2881 1283 2967 κρδκυδας
1316 2888 1373 2966 τῆς

267 2996 391 3078 ἐσθῆτος
412 2992 430 3075 ἢ
453 2995 566 3078 κάρφος
588 3019 612 3056 τι
633 3000 684 3077 τῆς
706 2998 835 3079 κεφαλῆς
856 2994 874 3077 ἢ
898 2999 948 3056 τοῦ
970 2995 1089 3076 γενείου.

367 3122 416 3186 De
450 3121 554 3185 stultis
586 3121 776 3200 hominibus,
812 3122 864 3202 qui
892 3122 925 3183 in
948 3121 1042 3184 rebus
1064 3118 1254 3200 simpliciter
1275 3117 1373 3200 perfi-

268 3230 392 3293 ciundis
415 3230 619 3294 difficultates
643 3238 842 3313 quaererent,
869 3230 922 3293 vel
944 3231 1032 3293 utin
1056 3229 1171 3292 Latino
1195 3228 1372 3307 proverbio

268 3346 328 3420 est,
362 3341 468 3420 quiin
494 3341 600 3424 scirpo
622 3340 738 3403 nodum
761 3344 951 3421 quaererent
982 3337 1037 3421 (cl.
1060 3338 1163 3401 Plaut
1188 3335 1271 3400 Men.
1295 3333 1371 3400 247.

268 3448 343 3512 Τευ.
379 3448 475 3512 Andr.
507 3447 596 3531 941),
635 3449 785 3513 dicebant
817 3449 947 3514 Graeci:
979 3448 1065 3509 ὁδοῦ
1098 3444 1276 3526 παρούσης
1307 3446 1372 3528 τὴν

269 3555 422 3638 ἀτραπὸν
446 3560 573 3639 ζητεῖς,
601 3558 685 3638 quod
709 3558 911 3640 proverbium
934 3578 953 3620 a
974 3557 1056 3620 Mac.
1081 3553 1148 3636 621
1173 3554 1259 3619 etin
1282 3556 1371 3637 App.

267 3665 324 3745 IV,
343 3664 381 3725 12
404 3665 582 3747 explicatur
603 3687 674 3750 per:
697 3664 745 3727 ἐπὶ
766 3652 823 3727 τῶν
846 3666 1011 3747 προδήλων,
1036 3672 1069 3729 et
1088 3685 1139 3747 ap.
1163 3667 1275 3745 Apost.
1292 3664 1371 3746 XII,

268 3773 322 3836 34:
350 3773 395 3834 ἐπι
415 3779 472 3836 τῶν
496 3773 769 3858 καταλιμπανόντων
790 3773 825 3837 τὰ
848 3775 924 3856 δῆλα
946 3774 993 3836 καὶ
1015 3773 1177 3855 ζητούντων
1200 3770 1236 3833 τὰ
1258 3770 1370 3856 ἀφανῆ.

268 3883 386 3965 Attigit
405 3885 486 3948 hanc
508 3885 699 3949 locutionem
721 3891 817 3968 poeta
839 3889 947 3947 noster
968 3884 1000 3945 in
1024 3884 1096 3945 nub.
1114 3879 1161 3963 75,
1183 3881 1237 3943 ubi
1261 3881 1372 3965 Strep-

270 3993 374 4057 siadcs
397 4000 494 4057 totam
517 4004 721 4076 pernoctem
743 3993 922 4073 meditatus,
945 3989 1101 4075 quomodo
1118 4010 1158 4054 en
1172 4009 1247 4054 aere
1262 3990 1371 4056 alieno

269 4101 467 4183 liberaretur,
491 4124 559 4167 cum
577 4103 714 4186 denique
730 4123 798 4167 eam
813 4103 897 4164 viam
912 4102 993 4165 inire
1008 4100 1199 4164 instituisset
1219 4106 1254 4161 ut
1268 4098 1372 4163 filium

271 4212 422 4295 sophistis
445 4212 620 4279 docendum
643 4213 797 4294 traderet,
831 4211 1034 4277 exclamavit:
1069 4211 1117 4270 νῦν
1144 4204 1194 4269 οὖν
1222 4205 1294 4290 ὅλην
1317 4210 1371 4292 τὴν

270 4318 356 4382 νιίκτα
378 4322 536 4404 φροντίζων
559 4323 628 4385 ὁδοῦ
652 4323 716 4405 μίαν
739 4320 836 4406 εὖρον·
859 4318 1011 4404 ἀτραπὸν
1034 4315 1186 4400 δαιμονίως
1208 4314 1356 4401 ὑπερφυᾶ.

370 4447 474 4513 Iltiam
497 4451 529 4513 in
552 4448 717 4514 comoedia
734 4443 897 4530 Ἀνοὶγσροτ
911 4444 1155 4528 Aristophanem
1171 4442 1304 4508 eandem
1328 4445 1372 4510 lo
