2782 5032
598 83 797 90 ——-—...

140 195 229 277 quod
262 196 445 278 Hesychius
471 196 678 279 Aristophani
706 197 860 261 attribuit.
916 196 1036 274 Quodsi
1063 196 1247 261 Dindorfius

139 303 1244 389 immmmwfflmmmmfflfflmmmmm

139 415 385 495 grammaticum
408 414 537 495 dixerit,
572 414 647 477 mihi
676 415 816 496 quidem,
850 420 1018 500 postquam
1040 415 1113 478 illos
1135 435 1246 480 versus

139 521 218 604 legi,
251 524 373 607 quippe
396 525 428 586 in
451 525 566 606 quihus
588 524 659 587 lons
680 525 844 607 proverbii
868 525 1081 605 contineatur,
1108 545 1171 588 non
1193 525 1246 588 du·

140 633 224 695 bium
251 639 310 710 est,
334 633 408 715 quin
431 633 613 715 Hesychius
636 633 790 696 comicum
813 633 939 697 dixerit.

242 740 363 824 Magno
385 741 416 803 in
441 762 571 805 numero
595 740 740 804 Corinthi
763 741 860 806 fuisse
882 748 998 823 scorta,
1021 743 1244 826 praetoralios

139 848 1243 934 m&mmhmoWHdmmtfflfflmrmmhmmeffl

139 977 268 1022 sacrum
289 958 434 1040 adeoque
455 958 694 1041 locupletatum,
717 970 752 1023 ut
773 960 844 1044 plns
860 960 945 1024 mille
964 960 1088 1044 puellas
1102 963 1244 1043 haberet,

139 1087 219 1150 quas
248 1066 409 1130 Corinthii
438 1069 559 1133 Veneri
586 1077 824 1149 consecrarent,
859 1077 894 1133 ut
924 1071 956 1132 in
990 1071 1060 1153 ojus
1092 1072 1244 1135 honorem

140 1183 335 1257 prostarent.
380 1176 518 1253 Quarum
542 1187 662 1260 quanta
682 1180 839 1262 pecuniae
866 1179 1026 1261 cupiditas
1048 1179 1156 1262 fuerit,
1191 1182 1243 1263 qni

140 1304 342 1366 cognoscere
364 1287 453 1368 velit,
488 1286 576 1369 legat
609 1307 690 1370 quae
723 1287 847 1352 Gellius
879 1296 963 1353 noct.
986 1290 1052 1353 Att.
1073 1290 1101 1370 Ι,
1136 1287 1176 1350 83
1203 1290 1243 1353 de

140 1392 241 1457 Laide
265 1393 375 1458 refert.
418 1395 467 1458 Ex
490 1402 667 1459 scortorum
691 1397 851 1462 illecebris
873 1404 907 1461 et
928 1397 1065 1461 avaritia
1079 1398 1157 1461 illud
1172 1418 1243 1483 pro·

141 1503 284 1566 verbinnr
308 1503 483 1586 proiectum
507 1525 592 1586 esse,
626 1506 710 1588 quod
738 1525 836 1589 supra
863 1526 903 1570 ex
924 1507 1090 1589 Hesychio
1114 1507 1242 1590 protuli,

141 1613 1243 1700 mmmmfflmdfflmfflgfflflmefflm

141 1721 1242 1808 effimfflmfflmmmewmmmmmmfflm

141 1832 224 1895 hanc
240 1839 500 1898 commemorant:
523 1830 542 1914 ἢ
566 1833 660 1894 διὰτὸ
681 1833 861 1917 δυςείςβολον
882 1832 951 1894 εἶναι
966 1839 1015 1896 τὸν
1031 1837 1132 1917 πλοῦν,
1154 1836 1241 1900 inani

142 1949 319 2006 commento
342 1942 477 2024 alicujus
494 1943 695 2024 grammatici
711 1962 750 2006 ea
768 1942 992 2026 interpretatio
1009 1945 1155 2027 profecta
1170 1965 1241 2009 csse

142 2050 1241 2138 ffiw.fflmfflmMmmwmfflwffimm

144 2159 195 2241 qni
217 2161 250 2223 in
272 2182 304 2244 p.
329 2159 388 2221 106
415 2160 545 2255 doceat,
580 2162 784 2244 proverbium
817 2161 936 2225 dictum
968 2181 1038 2226 esse
1072 2163 1112 2228 de
1145 2164 1241 2227 rebus

146 2267 249 2331 arduis
272 2277 304 2333 et
326 2269 414 2332 aditu
433 2269 633 2351 periculosis,
655 2288 733 2351 quas
756 2290 819 2332 non
845 2271 888 2334 sit
911 2271 1082 2353 cujuslibet
1107 2274 1240 2337 bominis

147 2375 300 2442 affectare.
344 2378 541 2442 Mentionem
563 2379 641 2442 lacit
661 2379 825 2462 proverbii
848 2379 927 2442 Hor.
951 2400 1000 2463 ep.
1026 2381 1051 2462 l,
1075 2381 1121 2462 17,
1142 2379 1196 2448 36:

241 2486 1118 2571 &mmmmmmfflwmm

200 2610 210 2620 ’
241 2595 312 2659 Non
335 2597 437 2660 cuivis
459 2596 578 2660 homini
601 2596 759 2680 contingit
780 2598 870 2662 adire
893 2597 1088 2662 Corinthum.

240 2705 301 2769 Vel
319 2707 452 2770 verbum
467 2700 690 2788 Κορινθιάζοραι
712 2705 873 2788 significat
885 2707 968 2771 idem
992 2727 1032 2770 ac
1048 2707 1239 2773 lenocinium

156 2808 261 2894 lacere,
282 2834 345 2897 quo
367 2815 599 2898 Aristophanes
620 2815 653 2876 in
677 2813 796 2878 Cocalo
818 2836 893 2879 usus
916 2826 978 2897 est,
1000 2825 1035 2880 ut
1057 2816 1238 2900 Stephanus

158 2917 220 3001 Byr.
241 2942 264 2986 s.
286 2945 315 2986 v.
359 2918 501 3005 Κόρινθος
522 2923 632 2988 refert:
666 2925 713 2985 καὶ
739 2924 954 3007 κορινῦιάζομαι
979 2925 1012 2986 τὸ
1039 2925 1157 3009 ἐπαίρειν
1180 2927 1238 2989 ἀπὸ

97 3046 99 3103 j
159 3029 204 3087 riu
223 3029 249 3092 ir
267 3025 401 3114 Κορίνθῳ
423 3033 556 3114 ἑταιρῶν·
583 3031 602 3114 ἢ
625 3032 657 3094 τὸ
681 3032 884 3114 pastoratem·
904 3031 940 3095 Ἀ
963 3034 992 3096 ἐν
1016 3030 1163 3117 Κωκάλῳ.

97 3114 100 3247 ,
241 3138 349 3222 Neque
372 3142 472 3205 solum
495 3153 603 3206 scorta
624 3141 867 3222 Corinthiorum,
890 3144 947 3208 sed
968 3145 1063 3207 etiam
1079 3144 1237 3208 Corinthii

97 3260 101 3349 ρ
162 3241 211 3324 ipsi
227 3249 317 3313 rebus
339 3252 477 3314 veneriis
504 3251 605 3316 dediti
616 3250 715 3316 fuisse
737 3254 934 3334 dicebantur,
957 3263 991 3316 ut
1006 3253 1122 3319 docent
1136 3257 1237 3319 rerba

97 3360 100 3433 l
163 3349 318 3422 inThesm.
340 3358 486 3422 401-4;’

97 3454 99 3499 Ι
845 3468 899 3532 κᾶν
924 3469 1036 3556 ἐκβάλῃ

97 3518 101 3749 ι
338 3575 441 3645 σκεῦός
461 3601 486 3639 τι
508 3574 582 3639 κατὰ
603 3579 654 3660 τὴν
678 3576 766 3639 οἰκίαν
790 3579 975 3663 πλανωμένη,

336 3686 409 3770 ἁνὴρ
432 3686 511 3770 ἐωτᾷ
534 3690 595 3769 ,τῷ
617 3685 755 3768 κατέαγεν
777 3688 796 3770 ἡ
817 3689 919 3771 χύτρα,

336 3794 393 3859 odi:
416 3793 481 3858 ἔσθ’
504 3795 585 3863 ὅπως
607 3795 640 3857 od
662 3800 705 3880 τῷ
727 3792 871 3881 Κορινθίῳ
894 3798 996 3881 ξένῳ.“

166 3884 226 3958 Item
243 3898 402 3969 libidinum
425 3905 538 3990 plenos
562 3903 660 3969 luisse
682 3904 857 3990 Carystius,
880 3908 1071 3991 intelligitur
1099 3930 1138 3973 cx
1159 3910 1235 3993 Lys.

97 4012 100 4089 !
169 3994 339 4082 10581181,
364 4015 559 4097 eandemque
581 4018 622 4080 ob
645 4035 771 4081 oausam
795 4029 828 4084 et
850 4019 967 4083 donica
990 4020 1131 4083 carmina
1155 4019 1235 4083 male

97 4094 100 4221 l
167 4107 306 4203 audivisse,
331 4123 448 4190 docent
469 4127 569 4189 verba
591 4125 623 4188 in
645 4125 760 4190 eccles.
784 4124 845 4188 883
868 4134 901 4193 ct
922 4126 1098 4192 918-919.
