2866 5176
710 319 906 416 Aa„

263 522 367 588 lacero
401 523 555 604 voluisse,
588 541 628 586 ex
660 531 775 606 poetae
806 522 915 586 verbis
947 522 1027 605 ipsis
1060 522 1256 604 intelligitur.
1307 523 1361 586 De

260 632 519 716 pronuntiatione
541 631 580 695 cf.
604 630 744 714 Kriiger,
779 632 875 696 Grch.
899 631 1035 696 Gramm.
1059 634 1078 712 ξ
1102 629 1130 712 6,
1151 630 1180 713 5,
1204 632 1231 696 1.
1276 631 1361 710 Qua·

259 749 391 828 propter
414 740 596 806 Dindorfius
618 749 709 805 recte
730 740 898 805 lectionem
921 741 1022 823 γαλήν’
1044 741 1076 803 in
1098 743 1191 822 γαλῆν
1213 742 1359 805 mutavit.

361 852 408 915 De
435 849 590 935 piscando
623 850 814 933 deprompta
837 857 885 914 est
910 849 1043 924 locutio,
1077 870 1140 933 qua
1161 849 1359 933 Bdelyoleon

260 961 293 1024 in
314 979 402 1042 vesp.
429 958 488 1020 175
509 979 584 1022 usus
607 967 668 1041 est,
701 959 755 1021 ubi
789 980 858 1023 oum
880 958 1066 1022 Philocleon
1099 979 1288 1041 quacunque
1310 979 1360 1022 ra·

259 1071 347 1134 tione
370 1070 462 1134 domo
485 1069 639 1133 excedere
663 1069 793 1153 cupiens
825 1088 883 1151 per
915 1069 1036 1131 asinum
1068 1067 1185 1130 frustra
1216 1067 1360 1150 effugere

261 1186 393 1242 conatus
416 1184 509 1260 esset,
531 1177 725 1261 Bdelycleon
747 1177 827 1241 hoec
841 1179 941 1242 rerba
963 1177 1055 1240 dixit:
1080 1176 1146 1238 ἀλλ’
1170 1175 1224 1237 οὐκ
1245 1173 1360 1239 ἔσπασε

260 1287 473 1370 ταύτγγγ’,ιγυοο
494 1288 594 1351 verba
616 1287 804 1351 scholiastes
823 1287 873 1350 his
888 1286 1041 1370 explicat:
1064 1284 1117 1347 οὐκ
1139 1284 1263 1369 ἐπέτυχε
1277 1285 1361 1369 παρὰ

260 1398 310 1479 τὴν
333 1394 483 1478 παροιμίαν
500 1394 606 1477 ,αὕτη
630 1395 730 1477 μὲνὴ
754 1396 921 1479 μήρινθος
943 1393 1046 1456 οὐδὲν
1069 1391 1248 1458 ἔσπασεν.“
1283 1393 1359 1459 Non

259 1513 349 1570 recta
372 1513 444 1568 sunt
459 1525 541 1588 quae
557 1505 745 1569 scholiastes
768 1504 870 1571 addit:
894 1502 1036 1584 ἐλέγετο
1060 1503 1097 1565 δὲ
1117 1503 1171 1566 ἐπὶ
1193 1506 1249 1565 τῶν
1272 1503 1359 1587 πείρᾳ

258 1612 415 1675 καθιέντων
440 1611 590 1696 ἄγκιστρον
613 1612 687 1696 μετὰ
714 1614 831 1699 σχοίνου
852 1613 900 1676 καὶ
922 1616 961 1698 μὴ
983 1612 1229 1698 ἐπιτυγχανόντων
1253 1612 1359 1696 ἰχθύος

259 1721 343 1789 τινός.
375 1723 457 1787 Nam
480 1743 549 1786 cum
563 1723 612 1786 his
635 1723 742 1787 verbis
758 1723 942 1808 explicetur,
964 1723 1047 1787 unde
1064 1724 1183 1788 locutio
1201 1723 1360 1806 originem

261 1831 400 1913 duxerit,
423 1852 486 1895 non
508 1834 608 1896 verba
641 1831 736 1913 ἐλέγ.
768 1832 822 1919 ἐπὶ
854 1837 922 1894 τῶν
951 1857 977 1895 κ.
1001 1856 1024 1896 τ.
1049 1835 1075 1895 λ.
1099 1832 1235 1897 dicenda
1257 1840 1360 1913 erant,

261 1941 318 2005 ned
345 1942 558 2024 μετήνεκται
584 1940 650 2003 ἀπὸ
677 1945 742 2001 τῶν
768 1964 794 2003 κ.
817 1966 842 2004 τ.
866 1944 893 2004 λ.

360 2050 479 2114 Eadem
502 2050 621 2113 locutio
644 2051 785 2114 occurrit
805 2052 839 2113 iu
855 2051 982 2116 Thesm.
998 2049 1068 2131 928,
1090 2052 1144 2114 ubi
1167 2048 1361 2114 scholiastes

260 2166 349 2224 recte
382 2160 554 2241 annotavit,
588 2159 664 2243 quid
687 2159 859 2242 significet:
882 2158 1018 2243 παροιμία
1041 2159 1165 2221 ἐπὶτῶν
1188 2158 1363 2242 ἐπιχειρούν-

259 2291 316 2330 των
339 2293 364 2329 τι
385 2272 473 2330 ποιεῖν
496 2268 542 2330 καὶ
564 2266 832 2351 ἀποτυγχανόντων.
857 2269 896 2333 of.
920 2269 1063 2333 Eustath.
1087 2268 1137 2332 ad.
1161 2269 1197 2331 ll.
1214 2268 1271 2348 IX,
1285 2266 1363 2333 423.

258 2376 298 2440 G.
322 2377 357 2441 Ο.
381 2378 423 2441 M.
446 2378 470 2458 I,
496 2378 522 2442 l.
555 2378 649 2460 Diog.
672 2377 730 2459 ΙΙΙ,
753 2377 803 2441 35.
848 2378 958 2443 Simile
991 2388 1039 2442 est
1071 2377 1150 2441 illud
1177 2377 1363 2441 Plautinum

259 2485 396 2567 „lineam
418 2487 556 2551 mittam*
581 2492 672 2550 most.
695 2485 798 2568 o‚1‚22
820 2486 938 2570 (1030),
964 2488 1042 2551 nihil
1065 2487 1151 2551 aliud
1173 2485 1365 2569 significans

259 2603 354 2678 atque
379 2596 472 2675 „dolo
496 2595 664 2681 capenum.
680 2633 721 2640 —
736 2596 853 2659 Paucis
875 2597 1035 2680 attingam,
1058 2598 1145 2660 viros
1164 2597 1277 2660 doctos
1300 2597 1364 2660 dis-

257 2705 388 2786 sentire,
413 2707 464 2770 cui
478 2726 696 2790 personarum
720 2724 837 2788 versus,
861 2706 914 2789 qui
938 2715 987 2770 est
1008 2706 1134 2770 Thesm.
1156 2703 1227 2778 928,
1255 2705 1358 2769 adtri-

259 2814 401 2878 buendus
424 2816 475 2880 sit.
520 2815 698 2880 Secundum
732 2815 860 2879 codices
893 2837 955 2879 uua
987 2836 1027 2880 ex
1059 2816 1240 2880 mulieribus
1273 2813 1362 2879 huno

259 2944 384 2988 versum
403 2926 530 2990 elocuta
547 2931 602 3006 est,
626 2924 709 3008 quod
725 2926 934 3008 comprobant
948 2925 1145 2989 Fritzsohius
1160 2929 1191 2988 et
1201 2923 1361 2987 Rohdew.

258 3034 279 3097 l.
306 3055 332 3096 c.
377 3035 497 3100 Contra
518 3033 697 3098 Brunckius
725 3021 757 3097 et
777 3034 921 3116 Engerus
951 3044 983 3100 et
1004 3033 1187 3098 Dindorfius
1209 3033 1364 3096 Mnesilo-

262 3144 354 3207 chum
380 3147 473 3208 istum
507 3165 632 3208 uersum
665 3136 864 3226 eloquentem
897 3145 1034 3226 faciunt;
1068 3135 1169 3228 neque
1202 3143 1363 3206 immerito

258 3274 328 3319 mea
351 3255 477 3337 quidem
500 3256 665 3320 sententia.

360 3366 388 3427 A
411 3364 628 3427 balneatorum
652 3364 788 3447 segnitie
810 3369 881 3427 orta
902 3371 951 3426 est
972 3364 1093 3428 locutio
1126 3362 1266 3445 ἐμαυτῷ
1301 3363 1362 3447 βα-

259 3472 432 3552 λανεύσω,
456 3473 489 3536 in
512 3494 581 3557 pac.
608 3472 695 3554 1103,
719 3494 812 3556 quam
835 3473 1022 3538 scholiastes
1045 3479 1165 3536 tantum
1182 3491 1240 3554 per
1262 3471 1361 3532 διακο-

258 3582 338 3664 νήεω
363 3582 511 3667 explieat.
556 3585 617 3666 Ap.
642 3581 998 3662 nen.1n‚58.autem
1026 3582 1174 3664 legimus:
1203 3580 1361 3662 παροιμία·

258 3690 343 3752 οἱονεὶ
359 3690 477 3776 ἐμαυτῷ
493 3693 668 3774 ὃιακονήαω.
692 3693 813 3772 Λέγεται
830 3692 872 3774 δὲ,
897 3689 963 3753 ὅταν
980 3691 995 3752 ὁ
1011 3688 1154 3775 βαλανεὺς
1168 3688 1362 3773 νωβρεὺηται,

258 3799 305 3860 καὶ
328 3799 425 3883 ἑαυτῷ
447 3824 486 3869 τις
509 3802 645 3886 λαμβάνῃ
667 3801 718 3884 τὴν
739 3800 890 3884 ἀρύταιναν
918 3801 964 3863 καὶ
992 3802 1119 3884 διακονῇ.
1144 3798 1184 3863 cf.
1209 3800 1292 3882 App.
1316 3798 1362 3881 II,

257 3907 308 3972 53.
332 3909 369 3974 G.
395 3909 429 3973 0.
453 3912 495 3974 Μ.
518 3911 576 3992 Ill,
598 3910 627 3975 5.
652 3911 773 3975 Erasm.
798 3934 827 3994 p.
850 3909 921 3976 262.
965 3910 1079 3995 Inepta
1105 3918 1155 3975 est
1183 3908 1286 3972 altera
1312 3908 1362 3971 in-

257 4020 460 4103 terpretatio‚
485 4040 577 4102 quam
599 4041 650 4105 ap.
674 4020 792 4084 Zenob.
815 4022 835 4084 l.
860 4042 886 4085 c.
910 4020 1056 4103 legimus:
1090 4017 1109 4100 ἢ
1139 4017 1196 4080 ἀπὸ
1224 4021 1281 4078 τῶν
1310 4017 1363 4102 βα-

260 4129 365 4195 λάνους
387 4126 581 4214 ἐγκρυβὸντων
615 4129 655 4197 εἰς
688 4132 753 4213 πῦρ.
808 4131 924 4195 Notum
949 4137 1010 4209 est,
1045 4129 1189 4193 Graecos
1222 4125 1361 4208 glandes

257 4244 381 4302 torrere
404 4246 437 4302 et
459 4238 554 4303 edere
577 4239 689 4303 solitos
713 4260 793 4305 esso.
837 4239 1041 4324 Quapropter
1074 4259 1091 4303 e
1123 4258 1235 4302 vocum
1259 4236 1362 4302 affini·

168 4331 170 4335 Α
258 4355 325 4413 tate
348 4347 486 4432 βαλάνου,
510 4369 591 4432 quae
606 4350 697 4431 glans
715 4357 771 4430 est,
796 4358 828 4413 et
850 4348 1012 4433 βαλανείου,
1037 4348 1121 4433 quod
1137 4338 1283 4412 balneum
1300 4354 1361 4431 cst,

258 4459 406 4543 ambigna
428 4458 599 4522 locutionis
622 4459 843 4542 interpretatio
865 4465 937 4525 orta
959 4466 1015 4523 est.
