<?xml version="1.0" encoding="UTF-8"?>
<!DOCTYPE html PUBLIC "-//W3C//DTD XHTML 1.0 Transitional//EN"
    "http://www.w3.org/TR/xhtml1/DTD/xhtml1-transitional.dtd">
<html xmlns="http://www.w3.org/1999/xhtml" xml:lang="en" lang="en">
 <head>
  <title>
</title>
<meta http-equiv="Content-Type" content="text/html;charset=utf-8" />
  <meta name='ocr-system' content='tesseract 3.04.00' />
  <meta name='ocr-capabilities' content='ocr_page ocr_carea ocr_par ocr_line ocrx_word'/>
</head>
<body>
  <div class='ocr_page' id='page_1' title='image "./deproverbiisali00baucgoog_0032.png"; bbox 0 0 2782 5032; ppageno 0'>
   <div class='ocr_carea' id='block_1_1' title="bbox 597 343 638 408">
    <p class='ocr_par' dir='ltr' id='par_1_1' title="bbox 597 343 638 408">
     <span class='ocr_line' id='line_1_1' title="bbox 597 343 638 408; baseline 0.024 -1"><span class='ocrx_word' id='word_1_1' title='bbox 597 343 638 408; x_wconf 83' lang='lat'>23</span> 
     </span>
    </p>
   </div>
   <div class='ocr_carea' id='block_1_2' title="bbox 516 433 716 448">
    <p class='ocr_par' dir='ltr' id='par_1_2' title="bbox 516 433 716 448">
     <span class='ocr_line' id='line_1_2' title="bbox 516 433 716 448; baseline -0.005 -5"><span class='ocrx_word' id='word_1_2' title='bbox 516 433 716 448; x_wconf 55' lang='grc'>,---.--</span> 
     </span>
    </p>
   </div>
   <div class='ocr_carea' id='block_1_3' title="bbox 57 542 1168 4235">
    <p class='ocr_par' dir='ltr' id='par_1_3' title="bbox 59 542 1167 2487">
     <span class='ocr_line' id='line_1_3' title="bbox 63 542 1167 631; baseline 0.002 -23"><span class='ocrx_word' id='word_1_3' title='bbox 63 543 182 609; x_wconf 83' lang='lat' dir='ltr'>lectum</span> <span class='ocrx_word' id='word_1_4' title='bbox 205 551 270 609; x_wconf 88' lang='lat' dir='ltr'>est:</span> <span class='ocrx_word' id='word_1_5' title='bbox 294 542 378 612; x_wconf 82' lang='grc' dir='ltr'>ὄνος</span> <span class='ocrx_word' id='word_1_6' title='bbox 401 543 499 628; x_wconf 81' lang='grc' dir='ltr'>ἄγων</span> <span class='ocrx_word' id='word_1_7' title='bbox 523 547 714 630; x_wconf 84' lang='grc' dir='ltr'>μυστήρια,</span> <span class='ocrx_word' id='word_1_8' title='bbox 749 567 811 630; x_wconf 91' lang='lat' dir='ltr'>quo</span> <span class='ocrx_word' id='word_1_9' title='bbox 832 549 866 612; x_wconf 92' lang='lat' dir='ltr'>in</span> <span class='ocrx_word' id='word_1_10' title='bbox 887 567 954 613; x_wconf 88' lang='lat' dir='ltr'>ran.</span> <span class='ocrx_word' id='word_1_11' title='bbox 979 545 1039 609; x_wconf 71' lang='lat'>159</span> <span class='ocrx_word' id='word_1_12' title='bbox 1060 547 1095 631; x_wconf 84' lang='grc' dir='ltr'>νὴ</span> <span class='ocrx_word' id='word_1_13' title='bbox 1117 546 1167 610; x_wconf 81' lang='grc' dir='ltr'>τὸν</span> 
     </span>
     <span class='ocr_line' id='line_1_4' title="bbox 62 649 1166 740; baseline 0.007 -26"><span class='ocrx_word' id='word_1_14' title='bbox 62 653 104 714; x_wconf 86' lang='grc' dir='ltr'>Δὶ’</span> <span class='ocrx_word' id='word_1_15' title='bbox 117 649 180 735; x_wconf 80' lang='grc' dir='ltr'>ἐγὼ</span> <span class='ocrx_word' id='word_1_16' title='bbox 196 650 265 735; x_wconf 75' lang='grc' dir='ltr'>χοῦν</span> <span class='ocrx_word' id='word_1_17' title='bbox 287 650 355 721; x_wconf 82' lang='grc' dir='ltr'><strong>ὄνος</strong></span> <span class='ocrx_word' id='word_1_18' title='bbox 375 652 454 736; x_wconf 77' lang='grc' dir='ltr'>ἄγων</span> <span class='ocrx_word' id='word_1_19' title='bbox 472 657 622 740; x_wconf 77' lang='grc' dir='ltr'>μυστήρια,</span> <span class='ocrx_word' id='word_1_20' title='bbox 637 656 796 721; x_wconf 86' lang='lat' dir='ltr'>Xanthias</span> <span class='ocrx_word' id='word_1_21' title='bbox 808 677 919 722; x_wconf 88' lang='lat' dir='ltr'>servus</span> <span class='ocrx_word' id='word_1_22' title='bbox 930 657 1039 738; x_wconf 88' lang='lat' dir='ltr'>utitur,</span> <span class='ocrx_word' id='word_1_23' title='bbox 1059 676 1166 722; x_wconf 90' lang='lat' dir='ltr'>comes</span> 
     </span>
     <span class='ocr_line' id='line_1_5' title="bbox 63 762 1167 850; baseline 0.005 -24"><span class='ocrx_word' id='word_1_24' title='bbox 63 762 185 827; x_wconf 88' lang='lat' dir='ltr'>Bacchi</span> <span class='ocrx_word' id='word_1_25' title='bbox 210 763 250 826; x_wconf 88' lang='lat' dir='ltr'>ad</span> <span class='ocrx_word' id='word_1_26' title='bbox 272 763 393 828; x_wconf 83' lang='lat' dir='ltr'>inferos</span> <span class='ocrx_word' id='word_1_27' title='bbox 408 765 520 829; x_wconf 88' lang='lat' dir='ltr'>euntis.</span> <span class='ocrx_word' id='word_1_28' title='bbox 556 765 753 831; x_wconf 86' lang='lat' dir='ltr'>Scholiastes</span> <span class='ocrx_word' id='word_1_29' title='bbox 773 766 855 830; x_wconf 90' lang='lat' dir='ltr'>hanc</span> <span class='ocrx_word' id='word_1_30' title='bbox 870 766 1167 850; x_wconf 80' lang='lat' dir='ltr'>interpretationem</span> 
     </span>
     <span class='ocr_line' id='line_1_6' title="bbox 62 870 1166 956; baseline 0.002 -22"><span class='ocrx_word' id='word_1_31' title='bbox 62 873 212 954; x_wconf 82' lang='lat' dir='ltr'>praebet:</span> <span class='ocrx_word' id='word_1_32' title='bbox 236 875 295 940; x_wconf 84' lang='grc' dir='ltr'>τοῖς</span> <span class='ocrx_word' id='word_1_33' title='bbox 316 873 478 956; x_wconf 74' lang='grc' dir='ltr'>μυστηρίοις</span> <span class='ocrx_word' id='word_1_34' title='bbox 505 872 534 942; x_wconf 74' lang='grc' dir='ltr'>ἐξ</span> <span class='ocrx_word' id='word_1_35' title='bbox 554 871 667 942; x_wconf 84' lang='grc' dir='ltr'>ἄστεως</span> <span class='ocrx_word' id='word_1_36' title='bbox 692 874 732 941; x_wconf 84' lang='grc' dir='ltr'>εἰς</span> <span class='ocrx_word' id='word_1_37' title='bbox 754 870 909 937; x_wconf 84' lang='grc' dir='ltr'>Ἐλευσῖνα</span> <span class='ocrx_word' id='word_1_38' title='bbox 936 874 982 938; x_wconf 80' lang='grc' dir='ltr'>διὰ</span> <span class='ocrx_word' id='word_1_39' title='bbox 1011 878 1068 936; x_wconf 85' lang='grc' dir='ltr'>τῶν</span> <span class='ocrx_word' id='word_1_40' title='bbox 1091 871 1166 937; x_wconf 87' lang='grc' dir='ltr'>ύνων</span> 
     </span>
     <span class='ocr_line' id='line_1_7' title="bbox 61 977 1163 1067; baseline 0.004 -26"><span class='ocrx_word' id='word_1_41' title='bbox 61 977 182 1062; x_wconf 73' lang='grc' dir='ltr'>φέρουσι</span> <span class='ocrx_word' id='word_1_42' title='bbox 204 979 242 1042; x_wconf 83' lang='grc' dir='ltr'>τὰ</span> <span class='ocrx_word' id='word_1_43' title='bbox 267 980 307 1048; x_wconf 85' lang='grc' dir='ltr'>εἰς</span> <span class='ocrx_word' id='word_1_44' title='bbox 328 983 379 1065; x_wconf 84' lang='grc' dir='ltr'>τὴν</span> <span class='ocrx_word' id='word_1_45' title='bbox 401 983 530 1066; x_wconf 54' lang='grc' dir='ltr'>χρείανξ</span> <span class='ocrx_word' id='word_1_46' title='bbox 550 982 619 1045; x_wconf 84' lang='grc' dir='ltr'>ὅθεν</span> <span class='ocrx_word' id='word_1_47' title='bbox 640 986 659 1065; x_wconf 75' lang='grc' dir='ltr'>ἡ</span> <span class='ocrx_word' id='word_1_48' title='bbox 682 983 832 1067; x_wconf 79' lang='grc' dir='ltr'>παροιμία,</span> <span class='ocrx_word' id='word_1_49' title='bbox 858 983 906 1046; x_wconf 82' lang='grc' dir='ltr'>διὰ</span> <span class='ocrx_word' id='word_1_50' title='bbox 928 983 960 1045; x_wconf 83' lang='grc' dir='ltr'>τὸ</span> <span class='ocrx_word' id='word_1_51' title='bbox 983 983 1163 1045; x_wconf 74' lang='grc' dir='ltr'><strong>κακοπαθεῖν</strong></span> 
     </span>
     <span class='ocr_line' id='line_1_8' title="bbox 62 1087 1166 1176; baseline 0.004 -26"><span class='ocrx_word' id='word_1_52' title='bbox 62 1091 189 1171; x_wconf 81' lang='grc' dir='ltr'>μάλιστα</span> <span class='ocrx_word' id='word_1_53' title='bbox 205 1089 275 1158; x_wconf 80' lang='grc' dir='ltr'>τοὺς</span> <span class='ocrx_word' id='word_1_54' title='bbox 290 1087 374 1162; x_wconf 85' lang='grc' dir='ltr'>ὄνους</span> <span class='ocrx_word' id='word_1_55' title='bbox 395 1090 648 1175; x_wconf 75' lang='grc' dir='ltr'>ἀχθοφοροῦντας·</span> <span class='ocrx_word' id='word_1_56' title='bbox 671 1095 712 1160; x_wconf 84' lang='grc' dir='ltr'>ὡς</span> <span class='ocrx_word' id='word_1_57' title='bbox 738 1091 774 1155; x_wconf 79' lang='grc' dir='ltr'>ἂν</span> <span class='ocrx_word' id='word_1_58' title='bbox 801 1089 852 1155; x_wconf 80' lang='grc' dir='ltr'>οὖν</span> <span class='ocrx_word' id='word_1_59' title='bbox 875 1091 973 1174; x_wconf 88' lang='grc' dir='ltr'>ύμοιύν</span> <span class='ocrx_word' id='word_1_60' title='bbox 995 1116 1022 1154; x_wconf 89' lang='grc' dir='ltr'>τι</span> <span class='ocrx_word' id='word_1_61' title='bbox 1042 1093 1166 1176; x_wconf 85' lang='grc' dir='ltr'><strong>πάσχων</strong></span> 
     </span>
     <span class='ocr_line' id='line_1_9' title="bbox 61 1197 1167 1286; baseline 0 -24"><span class='ocrx_word' id='word_1_62' title='bbox 61 1197 119 1280; x_wconf 83' lang='lat' dir='ltr'>(sc.</span> <span class='ocrx_word' id='word_1_63' title='bbox 147 1198 320 1281; x_wconf 82' lang='lat' dir='ltr'>Xanthias)</span> <span class='ocrx_word' id='word_1_64' title='bbox 354 1197 401 1261; x_wconf 71' lang='grc' dir='ltr'>διὰ</span> <span class='ocrx_word' id='word_1_65' title='bbox 430 1203 463 1262; x_wconf 78' lang='grc' dir='ltr'>τὸ</span> <span class='ocrx_word' id='word_1_66' title='bbox 488 1199 635 1272; x_wconf 76' lang='grc' dir='ltr'>πιέζεσθαι</span> <span class='ocrx_word' id='word_1_67' title='bbox 667 1206 711 1284; x_wconf 75' lang='grc' dir='ltr'>τῷ</span> <span class='ocrx_word' id='word_1_68' title='bbox 733 1200 903 1284; x_wconf 80' lang='grc' dir='ltr'>ἐπικειμένῳ</span> <span class='ocrx_word' id='word_1_69' title='bbox 936 1199 1024 1286; x_wconf 86' lang='grc' dir='ltr'>ἄχθει</span> <span class='ocrx_word' id='word_1_70' title='bbox 1042 1201 1094 1284; x_wconf 81' lang='grc' dir='ltr'>τὴν</span> <span class='ocrx_word' id='word_1_71' title='bbox 1116 1221 1167 1262; x_wconf 91' lang='grc' dir='ltr'>πα-</span> 
     </span>
     <span class='ocr_line' id='line_1_10' title="bbox 61 1306 1167 1394; baseline 0.005 -26"><span class='ocrx_word' id='word_1_72' title='bbox 61 1306 174 1390; x_wconf 85' lang='grc' dir='ltr'>ροιμίαν</span> <span class='ocrx_word' id='word_1_73' title='bbox 196 1309 338 1389; x_wconf 77' lang='grc' dir='ltr'>μίγνυσιν.</span> <span class='ocrx_word' id='word_1_74' title='bbox 375 1309 496 1374; x_wconf 78' lang='lat' dir='ltr'>uadem</span> <span class='ocrx_word' id='word_1_75' title='bbox 518 1312 618 1374; x_wconf 87' lang='lat' dir='ltr'>verba</span> <span class='ocrx_word' id='word_1_76' title='bbox 636 1309 736 1375; x_wconf 83' lang='lat' dir='ltr'>refert</span> <span class='ocrx_word' id='word_1_77' title='bbox 756 1313 869 1394; x_wconf 88' lang='lat' dir='ltr'>Apost.</span> <span class='ocrx_word' id='word_1_78' title='bbox 892 1311 966 1391; x_wconf 88' lang='lat' dir='ltr'>XII,</span> <span class='ocrx_word' id='word_1_79' title='bbox 990 1310 1038 1374; x_wconf 82' lang='lat'>75.</span> <span class='ocrx_word' id='word_1_80' title='bbox 1082 1309 1167 1387; x_wconf 84' lang='lat' dir='ltr'>Quid</span> 
     </span>
     <span class='ocr_line' id='line_1_11' title="bbox 60 1412 1165 1502; baseline 0.004 -22"><span class='ocrx_word' id='word_1_81' title='bbox 60 1418 270 1501; x_wconf 87' lang='lat' dir='ltr'>proverbium</span> <span class='ocrx_word' id='word_1_82' title='bbox 290 1412 463 1502; x_wconf 82' lang='lat' dir='ltr'>significet,</span> <span class='ocrx_word' id='word_1_83' title='bbox 496 1425 584 1485; x_wconf 88' lang='lat' dir='ltr'>recte</span> <span class='ocrx_word' id='word_1_84' title='bbox 606 1420 723 1484; x_wconf 89' lang='lat' dir='ltr'>docent</span> <span class='ocrx_word' id='word_1_85' title='bbox 743 1421 838 1502; x_wconf 86' lang='lat' dir='ltr'>Diog.</span> <span class='ocrx_word' id='word_1_86' title='bbox 860 1420 938 1501; x_wconf 90' lang='lat' dir='ltr'>VII,</span> <span class='ocrx_word' id='word_1_87' title='bbox 965 1417 1006 1481; x_wconf 83' lang='grc'>98</span> <span class='ocrx_word' id='word_1_88' title='bbox 1028 1429 1061 1484; x_wconf 86' lang='lat' dir='ltr'>et</span> <span class='ocrx_word' id='word_1_89' title='bbox 1082 1420 1165 1484; x_wconf 90' lang='lat' dir='ltr'>Mac.</span> 
     </span>
     <span class='ocr_line' id='line_1_12' title="bbox 61 1524 1163 1613; baseline 0.001 -24"><span class='ocrx_word' id='word_1_90' title='bbox 61 1525 115 1606; x_wconf 85' lang='lat' dir='ltr'>VI,</span> <span class='ocrx_word' id='word_1_91' title='bbox 135 1524 194 1592; x_wconf 83' lang='lat'>34:</span> <span class='ocrx_word' id='word_1_92' title='bbox 218 1525 265 1588; x_wconf 78' lang='grc' dir='ltr'>ἐπὶ</span> <span class='ocrx_word' id='word_1_93' title='bbox 287 1531 344 1588; x_wconf 88' lang='grc' dir='ltr'>τῶν</span> <span class='ocrx_word' id='word_1_94' title='bbox 367 1527 474 1611; x_wconf 81' lang='grc' dir='ltr'>ἑτέροις</span> <span class='ocrx_word' id='word_1_95' title='bbox 496 1529 741 1590; x_wconf 74' lang='grc' dir='ltr'>κακοπαθούντων</span> <span class='ocrx_word' id='word_1_96' title='bbox 763 1528 809 1591; x_wconf 88' lang='grc' dir='ltr'>καὶ</span> <span class='ocrx_word' id='word_1_97' title='bbox 824 1527 1001 1612; x_wconf 72' lang='grc' dir='ltr'>εὐφροσύνην</span> <span class='ocrx_word' id='word_1_98' title='bbox 1024 1527 1163 1613; x_wconf 88' lang='grc' dir='ltr'>παρεχύν-</span> 
     </span>
     <span class='ocr_line' id='line_1_13' title="bbox 61 1635 1162 1722; baseline 0.006 -27"><span class='ocrx_word' id='word_1_99' title='bbox 61 1657 126 1700; x_wconf 78' lang='grc' dir='ltr'>των.</span> <span class='ocrx_word' id='word_1_100' title='bbox 174 1635 327 1700; x_wconf 77' lang='lat' dir='ltr'>Erasmus</span> <span class='ocrx_word' id='word_1_101' title='bbox 342 1659 373 1720; x_wconf 90' lang='lat' dir='ltr'>p.</span> <span class='ocrx_word' id='word_1_102' title='bbox 389 1637 451 1700; x_wconf 80' lang='lat'>309</span> <span class='ocrx_word' id='word_1_103' title='bbox 472 1638 551 1702; x_wconf 88' lang='lat' dir='ltr'>duas</span> <span class='ocrx_word' id='word_1_104' title='bbox 571 1639 851 1721; x_wconf 84' lang='lat' dir='ltr'>interpretationes</span> <span class='ocrx_word' id='word_1_105' title='bbox 866 1639 1008 1722; x_wconf 91' lang='lat' dir='ltr'>praebet,</span> <span class='ocrx_word' id='word_1_106' title='bbox 1031 1658 1162 1720; x_wconf 89' lang='lat' dir='ltr'>quarum</span> 
     </span>
     <span class='ocr_line' id='line_1_14' title="bbox 61 1743 1167 1830; baseline 0.006 -25"><span class='ocrx_word' id='word_1_107' title='bbox 61 1743 166 1808; x_wconf 88' lang='lat' dir='ltr'>altera</span> <span class='ocrx_word' id='word_1_108' title='bbox 194 1745 257 1808; x_wconf 88' lang='lat' dir='ltr'>hue</span> <span class='ocrx_word' id='word_1_109' title='bbox 286 1747 439 1830; x_wconf 81' lang='lat' dir='ltr'>pertinet,</span> <span class='ocrx_word' id='word_1_110' title='bbox 474 1768 555 1829; x_wconf 91' lang='lat' dir='ltr'>quae</span> <span class='ocrx_word' id='word_1_111' title='bbox 584 1757 646 1812; x_wconf 82' lang='lat' dir='ltr'>est:</span> <span class='ocrx_word' id='word_1_112' title='bbox 683 1747 838 1830; x_wconf 89' lang='lat' dir='ltr'>„quadrat</span> <span class='ocrx_word' id='word_1_113' title='bbox 865 1748 898 1811; x_wconf 92' lang='lat' dir='ltr'>in</span> <span class='ocrx_word' id='word_1_114' title='bbox 926 1766 995 1829; x_wconf 89' lang='lat' dir='ltr'>eos,</span> <span class='ocrx_word' id='word_1_115' title='bbox 1034 1768 1167 1830; x_wconf 85' lang='lat' dir='ltr'>quorum</span> 
     </span>
     <span class='ocr_line' id='line_1_15' title="bbox 63 1854 1167 1942; baseline 0.005 -26"><span class='ocrx_word' id='word_1_116' title='bbox 63 1873 163 1936; x_wconf 87' lang='lat' dir='ltr'>opera</span> <span class='ocrx_word' id='word_1_117' title='bbox 193 1854 267 1918; x_wconf 88' lang='lat' dir='ltr'>aliis</span> <span class='ocrx_word' id='word_1_118' title='bbox 290 1855 454 1920; x_wconf 81' lang='lat' dir='ltr'>dumtaxat</span> <span class='ocrx_word' id='word_1_119' title='bbox 476 1866 525 1922; x_wconf 90' lang='lat' dir='ltr'>est</span> <span class='ocrx_word' id='word_1_120' title='bbox 551 1857 637 1937; x_wconf 91' lang='lat' dir='ltr'>usui,</span> <span class='ocrx_word' id='word_1_121' title='bbox 672 1877 742 1920; x_wconf 90' lang='lat' dir='ltr'>cum</span> <span class='ocrx_word' id='word_1_122' title='bbox 769 1857 811 1920; x_wconf 87' lang='lat' dir='ltr'>ad</span> <span class='ocrx_word' id='word_1_123' title='bbox 837 1859 926 1942; x_wconf 94' lang='lat' dir='ltr'>ipsos</span> <span class='ocrx_word' id='word_1_124' title='bbox 953 1863 1083 1940; x_wconf 89' lang='lat' dir='ltr'>praeter</span> <span class='ocrx_word' id='word_1_125' title='bbox 1105 1877 1167 1922; x_wconf 92' lang='lat' dir='ltr'>mo·</span> 
     </span>
     <span class='ocr_line' id='line_1_16' title="bbox 60 1963 1166 2048; baseline 0.004 -22"><span class='ocrx_word' id='word_1_126' title='bbox 60 1963 187 2028; x_wconf 87' lang='lat' dir='ltr'>lestiam</span> <span class='ocrx_word' id='word_1_127' title='bbox 220 1964 301 2028; x_wconf 94' lang='lat' dir='ltr'>nihil</span> <span class='ocrx_word' id='word_1_128' title='bbox 332 1966 460 2030; x_wconf 86' lang='lat' dir='ltr'>interim</span> <span class='ocrx_word' id='word_1_129' title='bbox 479 1966 619 2032; x_wconf 85' lang='lat' dir='ltr'>redeat.“</span> <span class='ocrx_word' id='word_1_130' title='bbox 662 1966 757 2031; x_wconf 90' lang='lat' dir='ltr'>Unde</span> <span class='ocrx_word' id='word_1_131' title='bbox 784 1966 899 2047; x_wconf 87' lang='lat' dir='ltr'>altera,</span> <span class='ocrx_word' id='word_1_132' title='bbox 922 1985 1014 2048; x_wconf 78' lang='lat' dir='ltr'>‚quae</span> <span class='ocrx_word' id='word_1_133' title='bbox 1040 1971 1090 2030; x_wconf 93' lang='lat' dir='ltr'>est</span> <span class='ocrx_word' id='word_1_134' title='bbox 1115 1967 1166 2048; x_wconf 92' lang='lat' dir='ltr'>„in</span> 
     </span>
     <span class='ocr_line' id='line_1_17' title="bbox 61 2072 1166 2160; baseline 0.003 -24"><span class='ocrx_word' id='word_1_135' title='bbox 61 2092 129 2136; x_wconf 91' lang='lat' dir='ltr'>eum</span> <span class='ocrx_word' id='word_1_136' title='bbox 153 2072 336 2154; x_wconf 86' lang='lat' dir='ltr'>dicebatur,</span> <span class='ocrx_word' id='word_1_137' title='bbox 359 2076 414 2160; x_wconf 90' lang='lat' dir='ltr'>qui</span> <span class='ocrx_word' id='word_1_138' title='bbox 438 2082 567 2159; x_wconf 89' lang='lat' dir='ltr'>praeter</span> <span class='ocrx_word' id='word_1_139' title='bbox 589 2076 778 2158; x_wconf 84' lang='lat' dir='ltr'>dignitatem</span> <span class='ocrx_word' id='word_1_140' title='bbox 805 2077 836 2139; x_wconf 91' lang='lat' dir='ltr'>in</span> <span class='ocrx_word' id='word_1_141' title='bbox 859 2095 987 2139; x_wconf 90' lang='lat' dir='ltr'>munere</span> <span class='ocrx_word' id='word_1_142' title='bbox 1016 2076 1166 2159; x_wconf 88' lang='lat' dir='ltr'>quopiam</span> 
     </span>
     <span class='ocr_line' id='line_1_18' title="bbox 59 2183 1165 2270; baseline 0.005 -27"><span class='ocrx_word' id='word_1_143' title='bbox 59 2183 265 2264; x_wconf 89' lang='lat' dir='ltr'>versabatur;</span> <span class='ocrx_word' id='word_1_144' title='bbox 298 2185 399 2250; x_wconf 84' lang='lat' dir='ltr'>veluti</span> <span class='ocrx_word' id='word_1_145' title='bbox 433 2186 461 2248; x_wconf 92' lang='lat' dir='ltr'>si</span> <span class='ocrx_word' id='word_1_146' title='bbox 494 2185 566 2270; x_wconf 90' lang='lat' dir='ltr'>quis</span> <span class='ocrx_word' id='word_1_147' title='bbox 599 2186 729 2267; x_wconf 87' lang='lat' dir='ltr'>ignarus</span> <span class='ocrx_word' id='word_1_148' title='bbox 760 2185 925 2249; x_wconf 86' lang='lat' dir='ltr'>literarum</span> <span class='ocrx_word' id='word_1_149' title='bbox 951 2184 1165 2249; x_wconf 81' lang='lat' dir='ltr'>bibliothecae</span> 
     </span>
     <span class='ocr_line' id='line_1_19' title="bbox 60 2291 1166 2378; baseline 0.003 -24"><span class='ocrx_word' id='word_1_150' title='bbox 60 2291 229 2374; x_wconf 81' lang='lat' dir='ltr'>proiectus</span> <span class='ocrx_word' id='word_1_151' title='bbox 251 2294 478 2378; x_wconf 87' lang='lat' dir='ltr'>esset“·petita</span> <span class='ocrx_word' id='word_1_152' title='bbox 500 2296 551 2376; x_wconf 88' lang='lat' dir='ltr'>sit,</span> <span class='ocrx_word' id='word_1_153' title='bbox 573 2294 724 2357; x_wconf 80' lang='lat' dir='ltr'>Erasmus</span> <span class='ocrx_word' id='word_1_154' title='bbox 747 2313 809 2358; x_wconf 91' lang='lat' dir='ltr'>uon</span> <span class='ocrx_word' id='word_1_155' title='bbox 831 2294 944 2375; x_wconf 60' lang='grc' dir='ltr'>τείρεα</span> <span class='ocrx_word' id='word_1_156' title='bbox 977 2313 1037 2358; x_wconf 89' lang='lat' dir='ltr'>nec</span> <span class='ocrx_word' id='word_1_157' title='bbox 1060 2301 1166 2358; x_wconf 90' lang='lat' dir='ltr'>tamen</span> 
     </span>
     <span class='ocr_line' id='line_1_20' title="bbox 60 2401 824 2487; baseline 0.004 -23"><span class='ocrx_word' id='word_1_158' title='bbox 60 2419 99 2465; x_wconf 85' lang='lat' dir='ltr'>ex</span> <span class='ocrx_word' id='word_1_159' title='bbox 120 2401 257 2483; x_wconf 86' lang='lat' dir='ltr'>antiquo</span> <span class='ocrx_word' id='word_1_160' title='bbox 280 2404 439 2487; x_wconf 81' lang='lat' dir='ltr'>scriptore</span> <span class='ocrx_word' id='word_1_161' title='bbox 460 2404 574 2468; x_wconf 87' lang='lat' dir='ltr'>hausta</span> <span class='ocrx_word' id='word_1_162' title='bbox 596 2423 667 2468; x_wconf 89' lang='lat' dir='ltr'>esse</span> <span class='ocrx_word' id='word_1_163' title='bbox 687 2404 824 2468; x_wconf 88' lang='lat' dir='ltr'>videtur.</span> 
     </span>
    </p>

    <p class='ocr_par' dir='ltr' id='par_1_4' title="bbox 57 2510 1167 4016">
     <span class='ocr_line' id='line_1_21' title="bbox 161 2510 1164 2595; baseline 0.005 -22"><span class='ocrx_word' id='word_1_164' title='bbox 161 2510 246 2587; x_wconf 84' lang='lat' dir='ltr'>Quia</span> <span class='ocrx_word' id='word_1_165' title='bbox 269 2512 376 2575; x_wconf 89' lang='lat' dir='ltr'>asinus</span> <span class='ocrx_word' id='word_1_166' title='bbox 405 2532 467 2576; x_wconf 93' lang='lat' dir='ltr'>non</span> <span class='ocrx_word' id='word_1_167' title='bbox 489 2512 615 2576; x_wconf 88' lang='lat' dir='ltr'>lanatus</span> <span class='ocrx_word' id='word_1_168' title='bbox 644 2520 707 2593; x_wconf 87' lang='lat' dir='ltr'>est,</span> <span class='ocrx_word' id='word_1_169' title='bbox 740 2513 858 2595; x_wconf 89' lang='lat' dir='ltr'>jocosa</span> <span class='ocrx_word' id='word_1_170' title='bbox 884 2519 934 2576; x_wconf 89' lang='lat' dir='ltr'>est</span> <span class='ocrx_word' id='word_1_171' title='bbox 957 2512 1078 2576; x_wconf 89' lang='lat' dir='ltr'>locutio</span> <span class='ocrx_word' id='word_1_172' title='bbox 1112 2510 1164 2578; x_wconf 79' lang='grc' dir='ltr'>εἰς</span> 
     </span>
     <span class='ocr_line' id='line_1_22' title="bbox 60 2615 1165 2704; baseline 0.005 -24"><span class='ocrx_word' id='word_1_173' title='bbox 60 2615 143 2681; x_wconf 85' lang='grc' dir='ltr'>ύνοο</span> <span class='ocrx_word' id='word_1_174' title='bbox 168 2616 294 2703; x_wconf 81' lang='grc' dir='ltr'>πόκας,</span> <span class='ocrx_word' id='word_1_175' title='bbox 317 2642 410 2704; x_wconf 88' lang='lat' dir='ltr'>quam</span> <span class='ocrx_word' id='word_1_176' title='bbox 432 2622 466 2685; x_wconf 93' lang='lat' dir='ltr'>in</span> <span class='ocrx_word' id='word_1_177' title='bbox 487 2642 554 2686; x_wconf 90' lang='lat' dir='ltr'>ran.</span> <span class='ocrx_word' id='word_1_178' title='bbox 574 2621 634 2684; x_wconf 87' lang='grc'>186</span> <span class='ocrx_word' id='word_1_179' title='bbox 656 2622 784 2686; x_wconf 80' lang='lat' dir='ltr'>Charon</span> <span class='ocrx_word' id='word_1_180' title='bbox 806 2621 967 2685; x_wconf 87' lang='lat' dir='ltr'>Bacchum</span> <span class='ocrx_word' id='word_1_181' title='bbox 981 2621 1024 2684; x_wconf 86' lang='lat' dir='ltr'>ad</span> <span class='ocrx_word' id='word_1_182' title='bbox 1043 2619 1165 2685; x_wconf 87' lang='lat' dir='ltr'>inferos</span> 
     </span>
     <span class='ocr_line' id='line_1_23' title="bbox 57 2728 1163 2814; baseline 0.001 -21"><span class='ocrx_word' id='word_1_183' title='bbox 57 2728 255 2812; x_wconf 79' lang='lat' dir='ltr'>trajectanus</span> <span class='ocrx_word' id='word_1_184' title='bbox 277 2737 419 2814; x_wconf 85' lang='lat' dir='ltr'>usurpat.</span> <span class='ocrx_word' id='word_1_185' title='bbox 474 2731 576 2796; x_wconf 87' lang='lat' dir='ltr'>Recte</span> <span class='ocrx_word' id='word_1_186' title='bbox 611 2731 802 2796; x_wconf 83' lang='lat' dir='ltr'>scholiastes</span> <span class='ocrx_word' id='word_1_187' title='bbox 830 2750 899 2796; x_wconf 91' lang='lat' dir='ltr'>eam</span> <span class='ocrx_word' id='word_1_188' title='bbox 925 2731 1067 2814; x_wconf 84' lang='lat' dir='ltr'>explicat</span> <span class='ocrx_word' id='word_1_189' title='bbox 1092 2750 1163 2813; x_wconf 89' lang='lat' dir='ltr'>per:</span> 
     </span>
     <span class='ocr_line' id='line_1_24' title="bbox 57 2832 1165 2923; baseline 0.005 -26"><span class='ocrx_word' id='word_1_190' title='bbox 57 2837 92 2898; x_wconf 83' lang='grc' dir='ltr'>τὸ</span> <span class='ocrx_word' id='word_1_191' title='bbox 116 2835 264 2900; x_wconf 84' lang='grc' dir='ltr'>ἀδύνατον</span> <span class='ocrx_word' id='word_1_192' title='bbox 295 2843 353 2900; x_wconf 85' lang='grc' dir='ltr'>τῶν</span> <span class='ocrx_word' id='word_1_193' title='bbox 376 2839 444 2902; x_wconf 79' lang='grc' dir='ltr'>καθ’</span> <span class='ocrx_word' id='word_1_194' title='bbox 460 2832 556 2902; x_wconf 71' lang='lat' dir='ltr'>“Adon</span> <span class='ocrx_word' id='word_1_195' title='bbox 580 2841 681 2923; x_wconf 85' lang='grc' dir='ltr'>δηλοῖ·</span> <span class='ocrx_word' id='word_1_196' title='bbox 704 2840 847 2902; x_wconf 84' lang='grc' dir='ltr'>ἀδύνατον</span> <span class='ocrx_word' id='word_1_197' title='bbox 878 2839 933 2923; x_wconf 78' lang='grc' dir='ltr'>γὰρ</span> <span class='ocrx_word' id='word_1_198' title='bbox 972 2837 1062 2908; x_wconf 88' lang='grc' dir='ltr'>πόκας</span> <span class='ocrx_word' id='word_1_199' title='bbox 1095 2839 1165 2902; x_wconf 79' lang='grc' dir='ltr'>απο-</span> 
     </span>
     <span class='ocr_line' id='line_1_25' title="bbox 57 2945 1164 3033; baseline 0 -22"><span class='ocrx_word' id='word_1_200' title='bbox 57 2947 213 3030; x_wconf 79' lang='grc' dir='ltr'>κείρασθαι</span> <span class='ocrx_word' id='word_1_201' title='bbox 234 2951 293 3010; x_wconf 88' lang='grc' dir='ltr'>τῶν</span> <span class='ocrx_word' id='word_1_202' title='bbox 316 2945 390 3010; x_wconf 85' lang='grc' dir='ltr'><strong>ὄνων</strong></span> <span class='ocrx_word' id='word_1_203' title='bbox 402 2995 497 3012; x_wconf 90' lang='grc'><strong>.....</strong></span> <span class='ocrx_word' id='word_1_204' title='bbox 523 2950 542 3033; x_wconf 82' lang='grc' dir='ltr'>ἡ</span> <span class='ocrx_word' id='word_1_205' title='bbox 564 2949 598 3012; x_wconf 82' lang='grc' dir='ltr'>δὲ</span> <span class='ocrx_word' id='word_1_206' title='bbox 620 2949 757 3032; x_wconf 79' lang='grc' dir='ltr'>παροιμία</span> <span class='ocrx_word' id='word_1_207' title='bbox 779 2947 893 3029; x_wconf 73' lang='grc' dir='ltr'>λέγεται</span> <span class='ocrx_word' id='word_1_208' title='bbox 914 2947 961 3010; x_wconf 83' lang='grc' dir='ltr'>ἐπὶ</span> <span class='ocrx_word' id='word_1_209' title='bbox 983 2952 1040 3012; x_wconf 86' lang='grc' dir='ltr'>τῶν</span> <span class='ocrx_word' id='word_1_210' title='bbox 1063 2948 1164 3032; x_wconf 80' lang='grc' dir='ltr'>ἀνηνύ-</span> 
     </span>
     <span class='ocr_line' id='line_1_26' title="bbox 57 3055 1165 3142; baseline 0.005 -22"><span class='ocrx_word' id='word_1_211' title='bbox 57 3079 127 3120; x_wconf 92' lang='grc' dir='ltr'>των.</span> <span class='ocrx_word' id='word_1_212' title='bbox 174 3057 281 3122; x_wconf 88' lang='lat' dir='ltr'>Aliam</span> <span class='ocrx_word' id='word_1_213' title='bbox 303 3057 435 3121; x_wconf 84' lang='lat' dir='ltr'>formam</span> <span class='ocrx_word' id='word_1_214' title='bbox 456 3059 592 3142; x_wconf 84' lang='lat' dir='ltr'>legimus</span> <span class='ocrx_word' id='word_1_215' title='bbox 614 3080 666 3142; x_wconf 89' lang='lat' dir='ltr'>ap.</span> <span class='ocrx_word' id='word_1_216' title='bbox 690 3059 809 3123; x_wconf 89' lang='lat' dir='ltr'>Zenob.</span> <span class='ocrx_word' id='word_1_217' title='bbox 833 3058 878 3138; x_wconf 88' lang='lat' dir='ltr'>V,</span> <span class='ocrx_word' id='word_1_218' title='bbox 900 3055 941 3120; x_wconf 84' lang='lat'>38</span> <span class='ocrx_word' id='word_1_219' title='bbox 965 3055 1034 3120; x_wconf 85' lang='grc' dir='ltr'>ύνοο</span> <span class='ocrx_word' id='word_1_220' title='bbox 1056 3055 1165 3126; x_wconf 87' lang='grc' dir='ltr'>πόκους</span> 
     </span>
     <span class='ocr_line' id='line_1_27' title="bbox 58 3163 1166 3252; baseline 0.004 -24"><span class='ocrx_word' id='word_1_221' title='bbox 58 3169 155 3249; x_wconf 73' lang='grc' dir='ltr'>ζητεῖς</span> <span class='ocrx_word' id='word_1_222' title='bbox 179 3174 214 3231; x_wconf 84' lang='lat' dir='ltr'>et</span> <span class='ocrx_word' id='word_1_223' title='bbox 235 3163 300 3229; x_wconf 85' lang='grc' dir='ltr'>ύνον</span> <span class='ocrx_word' id='word_1_224' title='bbox 323 3170 441 3252; x_wconf 74' lang='grc' dir='ltr'>κείρειςτ</span> <span class='ocrx_word' id='word_1_225' title='bbox 464 3168 588 3234; x_wconf 80' lang='grc' dir='ltr'>ἐπὶτῶν</span> <span class='ocrx_word' id='word_1_226' title='bbox 611 3165 758 3251; x_wconf 73' lang='grc' dir='ltr'>ἀνηνύτων</span> <span class='ocrx_word' id='word_1_227' title='bbox 780 3167 1013 3251; x_wconf 74' lang='grc' dir='ltr'>ἐπιχειρούντων.</span> <span class='ocrx_word' id='word_1_228' title='bbox 1050 3167 1166 3251; x_wconf 86' lang='lat' dir='ltr'>Inepta</span> 
     </span>
     <span class='ocr_line' id='line_1_28' title="bbox 59 3276 1164 3362; baseline -0.001 -21"><span class='ocrx_word' id='word_1_229' title='bbox 59 3285 110 3342; x_wconf 90' lang='lat' dir='ltr'>est</span> <span class='ocrx_word' id='word_1_230' title='bbox 132 3277 367 3361; x_wconf 86' lang='lat' dir='ltr'>interpretatio,</span> <span class='ocrx_word' id='word_1_231' title='bbox 391 3298 474 3360; x_wconf 88' lang='lat' dir='ltr'>quae</span> <span class='ocrx_word' id='word_1_232' title='bbox 497 3285 625 3362; x_wconf 85' lang='lat' dir='ltr'>praeter</span> <span class='ocrx_word' id='word_1_233' title='bbox 646 3283 776 3358; x_wconf 90' lang='lat' dir='ltr'>rectam,</span> <span class='ocrx_word' id='word_1_234' title='bbox 800 3297 882 3361; x_wconf 90' lang='lat' dir='ltr'>quae</span> <span class='ocrx_word' id='word_1_235' title='bbox 903 3277 1023 3340; x_wconf 92' lang='lat' dir='ltr'>ibidem</span> <span class='ocrx_word' id='word_1_236' title='bbox 1037 3276 1164 3359; x_wconf 88' lang='lat' dir='ltr'>legitur,</span> 
     </span>
     <span class='ocr_line' id='line_1_29' title="bbox 61 3384 1166 3473; baseline -0.001 -24"><span class='ocrx_word' id='word_1_237' title='bbox 61 3408 114 3471; x_wconf 88' lang='lat' dir='ltr'>ap.</span> <span class='ocrx_word' id='word_1_238' title='bbox 139 3386 372 3450; x_wconf 72' lang='lat' dir='ltr'>Maenuba</span> <span class='ocrx_word' id='word_1_239' title='bbox 400 3397 433 3452; x_wconf 87' lang='lat' dir='ltr'>et</span> <span class='ocrx_word' id='word_1_240' title='bbox 455 3389 487 3451; x_wconf 93' lang='lat' dir='ltr'>in</span> <span class='ocrx_word' id='word_1_241' title='bbox 514 3391 597 3473; x_wconf 88' lang='lat' dir='ltr'>App.</span> <span class='ocrx_word' id='word_1_242' title='bbox 619 3407 710 3470; x_wconf 82' lang='lat' dir='ltr'>prov.</span> <span class='ocrx_word' id='word_1_243' title='bbox 732 3386 778 3467; x_wconf 86' lang='grc' dir='ltr'>Π,</span> <span class='ocrx_word' id='word_1_244' title='bbox 804 3384 846 3448; x_wconf 81' lang='lat'>29</span> <span class='ocrx_word' id='word_1_245' title='bbox 873 3386 1045 3450; x_wconf 88' lang='lat' dir='ltr'>invenitur:</span> <span class='ocrx_word' id='word_1_246' title='bbox 1082 3385 1109 3447; x_wconf 86' lang='grc' dir='ltr'>οἱ</span> <span class='ocrx_word' id='word_1_247' title='bbox 1131 3385 1166 3448; x_wconf 80' lang='grc' dir='ltr'>δὲ</span> 
     </span>
     <span class='ocr_line' id='line_1_30' title="bbox 59 3492 1164 3579; baseline 0 -22"><span class='ocrx_word' id='word_1_248' title='bbox 59 3494 107 3557; x_wconf 83' lang='grc' dir='ltr'>ἐπὶ</span> <span class='ocrx_word' id='word_1_249' title='bbox 129 3496 259 3579; x_wconf 86' lang='grc' dir='ltr'>κατάρας</span> <span class='ocrx_word' id='word_1_250' title='bbox 281 3497 366 3558; x_wconf 84' lang='grc' dir='ltr'>τοῦτο</span> <span class='ocrx_word' id='word_1_251' title='bbox 389 3493 534 3577; x_wconf 66' lang='grc' dir='ltr'>λέγουσιν·</span> <span class='ocrx_word' id='word_1_252' title='bbox 571 3494 634 3578; x_wconf 79' lang='grc' dir='ltr'>ἤτοι</span> <span class='ocrx_word' id='word_1_253' title='bbox 659 3492 740 3557; x_wconf 85' lang='grc' dir='ltr'>ἄπιθι</span> <span class='ocrx_word' id='word_1_254' title='bbox 767 3493 807 3563; x_wconf 87' lang='grc' dir='ltr'>εἰς</span> <span class='ocrx_word' id='word_1_255' title='bbox 829 3492 895 3556; x_wconf 79' lang='grc' dir='ltr'>ὄνου</span> <span class='ocrx_word' id='word_1_256' title='bbox 917 3493 1039 3577; x_wconf 85' lang='grc' dir='ltr'>πόκους,</span> <span class='ocrx_word' id='word_1_257' title='bbox 1075 3493 1164 3578; x_wconf 80' lang='grc' dir='ltr'>ἤγουν</span> 
     </span>
     <span class='ocr_line' id='line_1_31' title="bbox 59 3600 1163 3689; baseline 0 -23"><span class='ocrx_word' id='word_1_258' title='bbox 59 3602 135 3666; x_wconf 85' lang='grc' dir='ltr'>ἔνθα</span> <span class='ocrx_word' id='word_1_259' title='bbox 162 3603 190 3666; x_wconf 87' lang='grc' dir='ltr'>οἱ</span> <span class='ocrx_word' id='word_1_260' title='bbox 224 3600 284 3667; x_wconf 84' lang='grc' dir='ltr'>ὄνοι</span> <span class='ocrx_word' id='word_1_261' title='bbox 315 3607 457 3689; x_wconf 81' lang='grc' dir='ltr'>οήπονται</span> <span class='ocrx_word' id='word_1_262' title='bbox 484 3605 530 3667; x_wconf 86' lang='grc' dir='ltr'>καὶ</span> <span class='ocrx_word' id='word_1_263' title='bbox 558 3604 593 3667; x_wconf 85' lang='grc' dir='ltr'>τὰ</span> <span class='ocrx_word' id='word_1_264' title='bbox 620 3603 715 3666; x_wconf 72' lang='grc' dir='ltr'>αὐτῶν</span> <span class='ocrx_word' id='word_1_265' title='bbox 741 3602 805 3687; x_wconf 87' lang='grc' dir='ltr'>ἔρια</span> <span class='ocrx_word' id='word_1_266' title='bbox 833 3607 873 3671; x_wconf 83' lang='grc' dir='ltr'>ὡς</span> <span class='ocrx_word' id='word_1_267' title='bbox 905 3601 990 3666; x_wconf 90' lang='grc' dir='ltr'>πύκοι</span> <span class='ocrx_word' id='word_1_268' title='bbox 1014 3603 1163 3686; x_wconf 74' lang='grc' dir='ltr'>γίγνονται.</span> 
     </span>
     <span class='ocr_line' id='line_1_32' title="bbox 61 3710 1164 3798; baseline -0.002 -20"><span class='ocrx_word' id='word_1_269' title='bbox 61 3711 198 3778; x_wconf 88' lang='lat' dir='ltr'>Similes</span> <span class='ocrx_word' id='word_1_270' title='bbox 232 3723 306 3780; x_wconf 92' lang='lat' dir='ltr'>snnt</span> <span class='ocrx_word' id='word_1_271' title='bbox 336 3715 518 3780; x_wconf 88' lang='lat' dir='ltr'>locutiones</span> <span class='ocrx_word' id='word_1_272' title='bbox 557 3714 691 3798; x_wconf 87' lang='grc' dir='ltr'>χύτραν</span> <span class='ocrx_word' id='word_1_273' title='bbox 726 3713 926 3780; x_wconf 81' lang='grc' dir='ltr'>ποικίλλεις</span> <span class='ocrx_word' id='word_1_274' title='bbox 961 3722 994 3777; x_wconf 90' lang='lat' dir='ltr'>et</span> <span class='ocrx_word' id='word_1_275' title='bbox 1028 3710 1164 3796; x_wconf 75' lang='lat' dir='ltr'>adapes</span> 
     </span>
     <span class='ocr_line' id='line_1_33' title="bbox 59 3821 1167 3908; baseline 0.005 -26"><span class='ocrx_word' id='word_1_276' title='bbox 59 3821 285 3908; x_wconf 77' lang='grc' dir='ltr'>ἀναθυμιᾷς,</span> <span class='ocrx_word' id='word_1_277' title='bbox 317 3824 536 3890; x_wconf 87' lang='lat' dir='ltr'>ascholiasta</span> <span class='ocrx_word' id='word_1_278' title='bbox 558 3830 739 3902; x_wconf 89' lang='lat' dir='ltr'>annotatae,</span> <span class='ocrx_word' id='word_1_279' title='bbox 768 3830 801 3887; x_wconf 91' lang='lat' dir='ltr'>et</span> <span class='ocrx_word' id='word_1_280' title='bbox 823 3822 938 3908; x_wconf 78' lang='grc' dir='ltr'>ξυρεῖν</span> <span class='ocrx_word' id='word_1_281' title='bbox 972 3821 1101 3885; x_wconf 81' lang='grc' dir='ltr'>λέοντα</span> <span class='ocrx_word' id='word_1_282' title='bbox 1133 3831 1167 3888; x_wconf 88' lang='lat' dir='ltr'>et</span> 
     </span>
     <span class='ocr_line' id='line_1_34' title="bbox 61 3929 797 4016; baseline 0.003 -23"><span class='ocrx_word' id='word_1_283' title='bbox 61 3929 174 3994; x_wconf 78' lang='grc' dir='ltr'>ἀσκὸν</span> <span class='ocrx_word' id='word_1_284' title='bbox 197 3931 315 4016; x_wconf 82' lang='grc' dir='ltr'>δέρειν</span> <span class='ocrx_word' id='word_1_285' title='bbox 339 3938 381 4000; x_wconf 88' lang='lat' dir='ltr'>ab</span> <span class='ocrx_word' id='word_1_286' title='bbox 403 3935 548 3999; x_wconf 80' lang='lat' dir='ltr'>Eustath.</span> <span class='ocrx_word' id='word_1_287' title='bbox 572 3934 613 3998; x_wconf 94' lang='lat' dir='ltr'>ad</span> <span class='ocrx_word' id='word_1_288' title='bbox 635 3932 672 3996; x_wconf 89' lang='lat' dir='ltr'>Il.</span> <span class='ocrx_word' id='word_1_289' title='bbox 696 3930 797 4012; x_wconf 67' lang='lat' dir='ltr'>arel.</span> 
     </span>
    </p>

    <p class='ocr_par' dir='ltr' id='par_1_5' title="bbox 63 4041 1168 4235">
     <span class='ocr_line' id='line_1_35' title="bbox 163 4041 1168 4124; baseline 0.003 -18"><span class='ocrx_word' id='word_1_290' title='bbox 163 4042 286 4108; x_wconf 82' lang='lat' dir='ltr'>Facete</span> <span class='ocrx_word' id='word_1_291' title='bbox 322 4045 363 4110; x_wconf 88' lang='lat' dir='ltr'>de</span> <span class='ocrx_word' id='word_1_292' title='bbox 397 4045 575 4108; x_wconf 90' lang='lat' dir='ltr'>hominibus</span> <span class='ocrx_word' id='word_1_293' title='bbox 612 4043 717 4108; x_wconf 90' lang='lat' dir='ltr'>stultis</span> <span class='ocrx_word' id='word_1_294' title='bbox 750 4043 867 4107; x_wconf 85' lang='lat' dir='ltr'>dicitur</span> <span class='ocrx_word' id='word_1_295' title='bbox 902 4041 932 4105; x_wconf 89' lang='grc' dir='ltr'>τί</span> <span class='ocrx_word' id='word_1_296' title='bbox 962 4042 1036 4124; x_wconf 77' lang='grc' dir='ltr'>δῆτα</span> <span class='ocrx_word' id='word_1_297' title='bbox 1069 4042 1168 4123; x_wconf 84' lang='grc' dir='ltr'>ληρεῖς</span> 
     </span>
     <span class='ocr_line' id='line_1_36' title="bbox 63 4148 1166 4235; baseline -0.002 -23"><span class='ocrx_word' id='word_1_298' title='bbox 63 4151 182 4235; x_wconf 77' lang='grc' dir='ltr'>ὥσπερ</span> <span class='ocrx_word' id='word_1_299' title='bbox 209 4151 273 4214; x_wconf 82' lang='grc' dir='ltr'>ἀπ’</span> <span class='ocrx_word' id='word_1_300' title='bbox 295 4150 378 4216; x_wconf 85' lang='grc' dir='ltr'>ὄνου</span> <span class='ocrx_word' id='word_1_301' title='bbox 406 4155 618 4216; x_wconf 83' lang='grc' dir='ltr'>καταπεσών</span> <span class='ocrx_word' id='word_1_302' title='bbox 640 4155 672 4217; x_wconf 93' lang='lat' dir='ltr'>in</span> <span class='ocrx_word' id='word_1_303' title='bbox 695 4155 767 4217; x_wconf 91' lang='lat' dir='ltr'>nub.</span> <span class='ocrx_word' id='word_1_304' title='bbox 792 4150 885 4235; x_wconf 74' lang='lat'>1273,</span> <span class='ocrx_word' id='word_1_305' title='bbox 914 4153 968 4217; x_wconf 91' lang='lat' dir='ltr'>ubi</span> <span class='ocrx_word' id='word_1_306' title='bbox 991 4150 1096 4216; x_wconf 87' lang='lat' dir='ltr'>schol:</span> <span class='ocrx_word' id='word_1_307' title='bbox 1120 4148 1166 4212; x_wconf 84' lang='grc' dir='ltr'>ἐπὶ</span> 
     </span>
    </p>
   </div>
   <div class='ocr_carea' id='block_1_4' title="bbox 64 4256 1169 4570">
    <p class='ocr_par' dir='ltr' id='par_1_6' title="bbox 64 4256 1169 4570">
     <span class='ocr_line' id='line_1_37' title="bbox 64 4256 1167 4347; baseline 0.002 -24"><span class='ocrx_word' id='word_1_308' title='bbox 64 4265 124 4324; x_wconf 78' lang='grc' dir='ltr'>τῶν</span> <span class='ocrx_word' id='word_1_309' title='bbox 155 4259 273 4343; x_wconf 78' lang='grc' dir='ltr'>ἀλόγως</span> <span class='ocrx_word' id='word_1_310' title='bbox 299 4262 484 4345; x_wconf 84' lang='grc' dir='ltr'>πραττόντων</span> <span class='ocrx_word' id='word_1_311' title='bbox 517 4288 536 4346; x_wconf 87' lang='grc' dir='ltr'>η</span> <span class='ocrx_word' id='word_1_312' title='bbox 572 4263 707 4347; x_wconf 82' lang='grc' dir='ltr'>παροιμία</span> <span class='ocrx_word' id='word_1_313' title='bbox 740 4261 787 4324; x_wconf 84' lang='grc' dir='ltr'>καὶ</span> <span class='ocrx_word' id='word_1_314' title='bbox 819 4261 859 4345; x_wconf 73' lang='grc' dir='ltr'>μὴ</span> <span class='ocrx_word' id='word_1_315' title='bbox 895 4260 1063 4344; x_wconf 84' lang='grc' dir='ltr'>δυναμένων</span> <span class='ocrx_word' id='word_1_316' title='bbox 1092 4256 1167 4326; x_wconf 84' lang='grc' dir='ltr'>ὄνοις</span> 
     </span>
     <span class='ocr_line' id='line_1_38' title="bbox 65 4368 1169 4459; baseline -0.006 -22"><span class='ocrx_word' id='word_1_317' title='bbox 65 4373 235 4459; x_wconf 79' lang='grc' dir='ltr'>χρήσασθαι</span> <span class='ocrx_word' id='word_1_318' title='bbox 257 4372 298 4456; x_wconf 80' lang='grc' dir='ltr'>μή</span> <span class='ocrx_word' id='word_1_319' title='bbox 320 4371 353 4434; x_wconf 84' lang='grc' dir='ltr'>τέ</span> <span class='ocrx_word' id='word_1_320' title='bbox 374 4394 408 4451; x_wconf 74' lang='grc' dir='ltr'>γε</span> <span class='ocrx_word' id='word_1_321' title='bbox 431 4373 468 4456; x_wconf 75' lang='grc' dir='ltr'>δὴ</span> <span class='ocrx_word' id='word_1_322' title='bbox 490 4371 595 4440; x_wconf 80' lang='grc' dir='ltr'>ἵπποις.</span> <span class='ocrx_word' id='word_1_323' title='bbox 640 4373 773 4435; x_wconf 85' lang='lat' dir='ltr'>Asinum</span> <span class='ocrx_word' id='word_1_324' title='bbox 800 4372 883 4436; x_wconf 85' lang='lat' dir='ltr'>enim</span> <span class='ocrx_word' id='word_1_325' title='bbox 909 4371 1005 4453; x_wconf 88' lang='lat' dir='ltr'>vulgo</span> <span class='ocrx_word' id='word_1_326' title='bbox 1029 4368 1169 4451; x_wconf 81' lang='lat' dir='ltr'>seguiter</span> 
     </span>
     <span class='ocr_line' id='line_1_39' title="bbox 68 4478 1168 4570; baseline -0.004 -22"><span class='ocrx_word' id='word_1_327' title='bbox 68 4492 163 4570; x_wconf 84' lang='lat' dir='ltr'>atque</span> <span class='ocrx_word' id='word_1_328' title='bbox 183 4489 253 4548; x_wconf 86' lang='lat' dir='ltr'>tute</span> <span class='ocrx_word' id='word_1_329' title='bbox 274 4483 425 4554; x_wconf 85' lang='lat' dir='ltr'>incedere</span> <span class='ocrx_word' id='word_1_330' title='bbox 447 4503 505 4550; x_wconf 88' lang='lat' dir='ltr'>uec</span> <span class='ocrx_word' id='word_1_331' title='bbox 528 4482 623 4547; x_wconf 87' lang='lat' dir='ltr'>facile</span> <span class='ocrx_word' id='word_1_332' title='bbox 647 4501 833 4570; x_wconf 87' lang='lat' dir='ltr'>quemquam</span> <span class='ocrx_word' id='word_1_333' title='bbox 850 4481 911 4547; x_wconf 92' lang='lat' dir='ltr'>uisi</span> <span class='ocrx_word' id='word_1_334' title='bbox 930 4498 1062 4568; x_wconf 89' lang='lat' dir='ltr'>prorsus</span> <span class='ocrx_word' id='word_1_335' title='bbox 1083 4478 1168 4544; x_wconf 89' lang='lat' dir='ltr'>inha-</span> 
     </span>
    </p>
   </div>
   <div class='ocr_carea' id='block_1_5' title="bbox 0 0 1396 5032">
    <p class='ocr_par' dir='ltr' id='par_1_7' title="bbox 0 0 1396 5032">
     <span class='ocr_line' id='line_1_40' title="bbox 0 0 1396 5032; baseline 0 0"><span class='ocrx_word' id='word_1_336' title='bbox 0 0 1396 5032; x_wconf 95' lang='lat' dir='ltr'> </span> 
     </span>
    </p>
   </div>
  </div>
 </body>
</html>
