2866 5176
699 475 741 536 ὁὸ

166 679 332 764 ἐψηφίσατο
365 682 439 763 τρεῖς
472 678 607 761 τιμωρίας
640 676 713 740 κατὰ
746 680 802 739 τῶν
835 675 914 761 παρὰ
947 674 1034 758 νομόν
1061 699 1100 764 τι
1119 677 1265 761 δρώντων.

167 788 259 866 Quae
280 788 398 853 fuerint
417 789 497 853 haee
519 789 581 853 tria
595 789 688 868 mala,
710 788 898 852 scholiastes
921 786 963 850 ad
985 805 1052 849 ran.
1068 784 1128 846 541
1152 785 1264 852 refert:
1339 779 1341 782 ’

166 899 251 960 δοκεῖ
269 897 301 959 δὲ
323 895 406 966 οὗτος
430 897 487 981 (so.
511 896 738 977 Theramenes)
761 896 807 958 καὶ
828 895 863 958 τὰ
885 896 947 978 τρία
971 894 1150 979 ψηφίσασθαι
1170 893 1266 979 satir}-

166 1029 227 1088 μια,
250 1004 270 1088 ἢ
292 1007 483 1088 δεσμεώεαθαι
504 1006 532 1067 ἐν
553 1009 594 1089 τῷ
617 1005 703 1089 ξύλῳ,
727 1004 745 1087 ἢ
768 1009 837 1067 πιεῖν
861 1005 977 1066 κώνειον
999 1003 1018 1085 ἦ
1041 1003 1181 1087 ἐκφυγεῖν.

268 1115 411 1199 Denique
434 1115 657 1199 disputandum
678 1115 754 1178 mihi
777 1123 826 1179 est
848 1115 887 1179 de
901 1113 1017 1191 verbis,
1040 1133 1121 1194 quae
1139 1121 1212 1178 suut
1232 1115 1265 1177 iu

165 1231 218 1286 av.
244 1221 381 1289 1346:
416 1222 539 1307 ἧδεινὰ
561 1222 601 1284 νῶ
625 1222 764 1306 δέδρακεν
786 1222 838 1284 οὑκ
859 1226 916 1284 τῶν
935 1220 1043 1306 ὀρνέων
1349 1217 1351 1221 '

417 1333 432 1394 ὁ
455 1335 657 1414 πινακοπώλης
676 1331 858 1414 Φιλοκράτης
880 1334 1085 1416 μελαγχολῶν,

416 1439 447 1508 ὃς
470 1441 537 1502 τώδ’
561 1438 673 1524 ἔφασκε
691 1445 748 1524 νηῖν
771 1441 889 1524 φράσειν
912 1440 959 1502 τὸν
980 1437 1078 1522 Τηρέα

415 1553 463 1611 τὸν
487 1546 581 1632 ἔποφ’,
605 1547 644 1616 ὃς
672 1546 770 1632 ὅρνις
798 1547 935 1631 ἐγένετ’
963 1548 1002 1610 ἐκ
1028 1552 1094 1609 τῶν
1118 1547 1263 1630 ὀρνέων.

162 1659 289 1738 Quibus
311 1660 417 1727 verbis
432 1659 605 1742 Euelpides
622 1660 772 1741 queritur,
795 1679 829 1723 se
852 1657 1093 1722 aPhiloelaoue
1116 1657 1264 1720 nundina·

165 1778 237 1835 tore
259 1771 364 1832 avium
386 1769 554 1851 deceptum
577 1786 663 1848 esse3
696 1787 767 1830 nam
790 1787 875 1848 aves,
899 1788 978 1851 quas
1002 1766 1120 1830 abillo
1144 1767 1265 1846 emerit,

166 1879 290 1944 nescire
312 1879 430 1959 loeum,
464 1898 526 1960 quo
549 1876 669 1940 Tereus
691 1877 826 1957 habitet,
860 1877 988 1940 tametsi
1014 1876 1069 1939 ille
1100 1875 1264 1959 pollicitus

167 1990 217 2057 sit,
240 2008 316 2052 aves
340 2007 409 2051 eum
433 1988 617 2051 inventurus
640 2004 720 2049 esse.
753 1985 845 2049 Haeo
865 1987 970 2049 omnia
989 1985 1084 2069 plana
1101 1991 1133 2048 et
1153 1995 1274 2068 aperta

167 2106 253 2180 sunt,
289 2098 345 2162 sed
372 2097 449 2180 quid
479 2097 578 2159 verba
604 2093 635 2161 ὃς
658 2091 730 2175 ὅρνις
753 2093 858 2176 ἐγένετ’
881 2093 913 2156 ἐκ
935 2097 992 2156 τῶν
1016 2092 1125 2175 ὀρνέων
1148 2092 1265 2174 signifi·

167 2214 240 2273 eeut
262 2217 294 2272 et
316 2207 472 2288 quomodo
497 2205 560 2268 sint
581 2203 785 2288 explicanda,
819 2204 914 2268 valde
935 2204 1075 2266 virorum
1098 2201 1264 2265 doctorum

104 2363 105 2367 τ
166 2315 343 2380 sententiae
364 2315 499 2378 variant.
553 2313 750 2376 Fritzsohius
773 2313 855 2377 euim
878 2318 1000 2393 oenset,
1035 2331 1074 2375 ea
1094 2311 1193 2375 verba
1215 2310 1263 2372 sie

165 2424 358 2508 explicanda
379 2443 465 2487 esso:
499 2423 571 2504 „qui
603 2441 660 2485 rex
693 2421 797 2483 avium
830 2419 933 2484 faetus
967 2428 1016 2485 est
1039 2422 1079 2482 ab
1102 2418 1263 2499 avieulis“,

165 2553 249 2617 quae
269 2533 492 2616 interpretatio
516 2531 642 2594 minime
663 2531 740 2593 mihi
761 2532 926 2613 probatur.
982 2529 1106 2593 Deinde
1139 2527 1264 2591 Koech-

146 2695 149 2700 .
165 2644 236 2726 lyus
259 2662 394 2723 sequeus
408 2641 600 2704 soholiastae
612 2640 905 2722 interpretationem
919 2637 1099 2702 emendavit
1110 2657 1149 2702 ea
1164 2639 1263 2700 verba

164 2753 196 2814 in
221 2751 253 2818 ὃς
276 2748 349 2833 ὅρνις
372 2749 475 2830 ἐγένετ’
509 2749 543 2818 ἐξ
577 2746 711 2830 ἀνδρός
737 2771 839 2829 ποτε,
863 2767 944 2829 quae
966 2747 1146 2811 emendatio
1170 2765 1263 2827 quan-

164 2880 260 2946 quam
282 2860 444 2924 intellectu
467 2879 528 2921 uon
553 2866 649 2939 earet,
672 2865 777 2922 tamen
800 2857 892 2920 nimis
915 2878 934 2920 a
958 2856 1102 2919 codicum
1124 2854 1263 2921 lectione

162 2976 287 3034 remota
319 2975 377 3033 est.
423 2969 566 3051 lienique
600 2967 739 3031 Cobetus
763 2974 795 3030 et
816 2949 993 3030 Meiuekius
1015 2973 1116 3027 totum
1138 2983 1263 3026 versum

162 3078 327 3158 rejiciunt3
362 3096 463 3159 neque
487 3077 525 3141 G.
547 3076 744 3153 Dindorlius,
777 3077 828 3138 oui
858 3076 959 3139 eidem
982 3074 1038 3136 illa
1069 3075 1167 3136 verba
1199 3091 1263 3135 sus·

161 3192 262 3271 peeta
284 3195 363 3265 suut,
389 3187 421 3248 iu
443 3185 492 3250 ed.
514 3186 540 3249 I.
564 3193 647 3268 poet.
673 3206 756 3249 seen.
785 3205 833 3267 gr.
856 3185 943 3268 Lips.
968 3181 1173 3245 1869100um
1197 3201 1263 3245 eor-

162 3303 292 3379 ruptum
314 3297 449 3359 sanavit.
505 3295 598 3359 Solus
632 3295 669 3358 G.
693 3295 893 3358 Hermauuus
922 3295 953 3355 in
977 3311 1087 3376 opusc.
1110 3290 1199 3371 VIII,
1230 3312 1261 3374 p.

163 3404 312 3467 309-10
347 3406 385 3468 de
416 3405 466 3467 his
501 3405 605 3467 verbis
638 3414 727 3468 reete
756 3404 922 3486 judicasse
949 3400 1024 3464 mihi
1051 3398 1186 3463 videtur.
1230 3399 1262 3460 Is

163 3514 249 3578 enim
270 3513 389 3595 corrigi
412 3533 450 3576 ea
471 3513 541 3576 vult
559 3514 589 3575 iu
608 3511 639 3579 ὃς
658 3510 732 3593 ὅρνις
748 3512 854 3592 ἐγένετ’
878 3512 909 3572 ἐκ
932 3515 990 3571 τῶν
1013 3505 1174 3591 Ὀρνεῶν,
1198 3508 1263 3591 qui·

162 3626 226 3686 bus
248 3623 355 3686 verbis
377 3622 496 3685 locutio
519 3621 732 3705 proverbialis
754 3621 838 3684 insit.
872 3619 997 3684 Ornoae
1013 3620 1095 3683 enim
1113 3616 1263 3701 oppidum

163 3731 381 3813 Peloponnesi
402 3739 481 3811 sunt,
504 3750 544 3793 ex
566 3750 628 3812 quo
651 3731 784 3811 incolae,
813 3729 989 3812 oppugnati
1012 3750 1031 3790 a
1052 3726 1264 3790 Lacedaemo·

164 3839 239 3919 uiis,
261 3846 357 3903 noete
379 3841 484 3929 subito
507 3839 732 3920 discesserunt,
753 3848 788 3901 ut
809 3838 918 3902 hostes
940 3837 1084 3920 proximo
1106 3835 1156 3898 die
1177 3834 1264 3918 oppi-

165 3949 241 4014 dum
276 3949 419 4011 omnibus
454 3948 676 4013 defensoribus
718 3949 876 4030 privatum
910 3946 1005 4009 laeile
1038 3950 1264 4028 expugnarent,

164 4077 270 4139 neque
292 4058 426 4134 seirent,
449 4077 511 4138 quo
534 4056 660 4120 incolae
683 4057 878 4135 effugissent,
906 4061 941 4117 ut
962 4055 1060 4118 Thus.
1084 4053 1140 4134 Vl,
1165 4050 1181 4112 7
1206 4070 1265 4114 me·

165 4167 288 4231 moriae
310 4166 452 4230 tradidit.
497 4165 700 4248 Quapropter
723 4185 762 4228 ex
784 4165 840 4227 illo
863 4173 1006 4247 tempore
1031 4162 1161 4236 locutio,
1184 4180 1265 4243 quae

166 4284 219 4342 est
241 4273 316 4358 ὅρνις
333 4275 447 4356 ἐγένετο
470 4273 503 4336 ἐκ
525 4277 580 4335 τῶν
603 4269 733 4354 Ὀρνεῶν,
757 4280 827 4336 orta
849 4284 898 4337 est
914 4284 945 4336 et
966 4273 998 4334 in
1016 4271 1179 4354 proverbii
1196 4290 1265 4332 eou-

167 4385 368 4449 su'etudiuem
391 4385 547 4468 pervenit,
569 4384 609 4448 de
631 4384 671 4446 iis
694 4383 790 4463 dieta,
813 4383 868 4465 qui
891 4382 995 4444 subito
1018 4379 1210 4460 effugissent,
1231 4383 1267 4439 ut

166 4495 310 4558 nesciret
333 4494 514 4576 quisquam,
548 4513 609 4575 quo
634 4492 826 4573 effugissent.
882 4490 981 4566 Quam
1014 4488 1207 4552 loeutiouem
1239 4487 1266 4548 si

167 4604 403 4688 proverbialem
426 4603 524 4691 fuisse
547 4609 579 4689 et
600 4601 719 4690 inillis
735 4600 843 4666 verbis
863 4621 881 4662 a
895 4607 992 4686 poeta
1007 4597 1179 4662 adhibitam
1196 4614 1267 4660 esse
