2782 5032
248 498 422 578 dicebatur,
445 498 499 580 qui
521 496 645 562 doctius
667 517 769 580 neque
791 496 870 562 satis
900 501 1010 580 aperte
1037 493 1158 577 aliquid
1179 501 1352 559 narrarent

248 607 300 673 rel
324 606 536 689 explicarent:

399 728 640 816 ἀμαθέστερόν
662 753 733 799 πως
755 729 831 794 εἰπὲ
853 729 907 793 καὶ
930 726 1174 813 σαφέστερον..

188 877 190 880 ⁴
247 857 396 923 Occurrit
419 880 457 923 ea
479 859 510 922 in
531 878 600 921 ran.
624 855 714 935 1445,
736 857 789 919 ubi
813 863 981 939 postquam
1009 855 1180 938 Euripides
1203 863 1350 939 rogatus,

247 968 404 1051 quomodo
426 988 477 1033 res
499 956 647 1051 publicae
668 965 906 1049 Atheniensium
935 963 1073 1030 afflictae
1106 965 1226 1047 optime
1260 987 1351 1031 sana·

170 1105 173 1111 ·
246 1082 361 1158 rentur,
383 1077 463 1141 haec
488 1076 581 1140 dixit:
1156 1090 1161 1097 “

486 1208 554 1272 ὅταν
576 1205 611 1271 τὰ
633 1210 680 1270 νῦν
703 1205 808 1270 ἄπιστα
831 1206 909 1269 πίσθ’
932 1205 1083 1292 ἡγώμεθα,

482 1317 520 1381 τὰ
543 1318 569 1379 δ’
593 1315 662 1379 ὄντα
683 1314 757 1378 πίστ’
782 1313 897 1397 ἄπιστα,

247 1446 393 1511 Bacchus
415 1447 466 1530 qui
490 1466 529 1510 ea
550 1464 612 1509 non
635 1443 802 1522 intellexit,
825 1443 873 1507 sic
893 1443 1020 1506 locutus
1043 1448 1104 1506 est:

736 1571 799 1636 πῶς
807 1589 815 1651 3
839 1567 872 1631 oh
897 1567 1043 1650 μανθάνω,

443 1675 643 1762 ἀμαθέστερόν
666 1699 728 1745 παις
750 1675 812 1746 εἰπὲ
833 1675 880 1740 καὶ
901 1676 1089 1761 σαφέστερον.

243 1803 344 1882 Quam
376 1785 582 1869 locutionem¹
602 1802 701 1867 fuisse
732 1804 895 1887 vulgarem
922 1804 1111 1868 scholiastes
1144 1810 1258 1868 auctor
1282 1812 1342 1886 est3

244 1911 283 1976 cs.
307 1916 421 1995 Apost.
445 1913 485 1995 V,
509 1911 583 1976 64a.
607 1918 636 1977 et
659 1911 737 1977 Suid
759 1933 784 1977 s.
808 1935 836 1977 ν.
861 1911 951 1994 alpad.
974 1912 1086 1995 Neque
1106 1911 1209 1977 Gellis
1233 1914 1344 1998 ignota

243 2030 380 2102 ecerat,
404 2021 457 2104 qni
478 2021 519 2086 N.
543 2024 581 2084 A.
604 2020 677 2100 XII,
699 2020 720 2082 5
742 2041 779 2086 ea
802 2022 910 2086 utitur.

343 2130 464 2197 Ultimo
508 2130 580 2194 loco
619 2128 659 2194 de
702 2129 881 2195 formulis
926 2128 1081 2194 dicendi
1125 2130 1341 2197 disserendum

242 2239 317 2303 mihi
340 2244 398 2303 est.

341 2347 444 2412 Recte
466 2347 617 2411 Rohdew.
642 2347 662 2411 l.
688 2368 715 2411 c.
739 2348 778 2411 ad
800 2353 920 2428 monet,
942 2347 1108 2411 formulam
1131 2347 1260 2413 dicendi
1283 2351 1339 2414 usi·

241 2454 430 2519 ‘ratissimam
452 2454 552 2521 fuisse
574 2453 646 2518 κᾶτ’
669 2453 773 2538 ἔγωγ’
798 2452 1010 2539 ἐξηγρόμην,
1033 2477 1126 2539 quam
1148 2458 1180 2521 in
1203 2479 1270 2522 ran.
1293 2457 1339 2524 51.

241 2562 399 2626 Xanthias
423 2583 533 2628 servus
556 2576 698 2649 usurpat,
723 2565 881 2628 Bacchum
904 2564 1061 2628 dominum
1083 2571 1169 2630 tecte
1187 2566 1340 2647 deridens,

242 2671 297 2755 qui
320 2671 473 2736 tredecim
507 2693 542 2737 se
564 2693 662 2738 naves
685 2693 784 2757 nuper
805 2673 1003 2757 depressisse
1026 2672 1172 2738 affirmat.
1216 2675 1339 2741 Dictum

242 2799 314 2845 esse
336 2779 537 2864 locutionem,
562 2781 671 2846 docuit
685 2780 845 2862 Rohdew,
866 2782 1012 2865 quotiens
1035 2803 1116 2866 quae
1138 2794 1339 2851 narrarentur

241 2908 325 2953 vana
348 2891 541 2973 somniisque
568 2890 684 2956 similia
704 2891 896 2956 viderentur.
942 2892 1062 2970 Quodsi
1090 2892 1175 2956 idem
1202 2901 1338 2976 annotat,

241 2997 405 3063 hodiernis
427 3019 553 3082 quoque
580 3001 775 3084 temporibus
809 3000 939 3066 eandem
968 3001 1000 3065 iu
1023 3001 1111 3084 vulgi
1133 3021 1188 3066 ore
1211 3003 1338 3085 versari,

183 3117 186 3122 '
240 3107 316 3170 mihi
339 3108 466 3190 quidem
488 3108 658 3172 locutionis
679 3129 755 3173 usus
781 3110 909 3192 ignotus
931 3119 1013 3193 erat;
1049 3110 1104 3175 sed
1133 3115 1339 3196 comprobata

240 3215 355 3296 inveni,
378 3236 459 3300 quse
474 3216 626 3281 Rohdew.
643 3220 816 3298 annotavit,
839 3240 858 3283 a
874 3219 1000 3284 Kookio
1016 3220 1050 3282 in
1065 3219 1184 3284 adnott.
1208 3221 1250 3285 ad
1265 3223 1295 3286 h.
1309 3222 1337 3303 1,

240 3324 295 3388 ubi
317 3325 346 3389 is
364 3325 488 3390 confert
503 3325 686 3408 Agricolam
712 3329 875 3407 ,teutsche
890 3328 1134 3414 Sprichworter,
1159 3327 1255 3397 1624:
1277 3328 1340 3395 und

240 3436 297 3500 mit
320 3437 391 3502 dem
412 3435 552 3501 erwacht
574 3435 655 3500 ich.“

340 3545 435 3609 Aliae
457 3543 611 3610 formulae
633 3552 719 3610 sunt:
742 3545 857 3608 δίκαια
878 3543 1006 3608 κᾶδικα
1029 3547 1061 3609 in
1084 3566 1155 3630 equ.
1179 3545 1250 3612 256.
1267 3550 1341 3613 nub.

241 3650 290 3713 29.
316 3653 431 3722 δικαίως
451 3652 575 3722 κάδίκως
601 3655 634 3718 in
656 3654 734 3739 plut
757 3651 827 3717 233.
851 3653 891 3720 cf.
914 3655 996 3718 Plat.
1015 3655 1080 3736 leg.
1102 3654 1194 3735 5,743
1206 3657 1242 3720 B.
1266 3658 1343 3724 Ter.

239 3759 379 3845 Adelphi
402 3759 503 3844 o,9‚33
536 3772 569 3826 et
600 3764 716 3828 Heaut.
745 3763 915 3827 Timorum.
942 3761 1058 3846 4,7,11:
1089 3765 1178 3847 justa
1210 3766 1343 3849 injusta.

240 3868 347 3931 κακὸν
368 3875 485 3939 κακῶς
505 3871 539 3934 in
554 3872 631 3955 plut.
648 3871 702 3935 65:
725 3871 828 3934 ἀπολῶ
851 3893 883 3932 σε
905 3872 993 3934 κακὸν
1016 3875 1120 3941 κακῶς.
1144 3875 1287 3958 inequit.
1303 3873 1342 3935 2:

242 3975 422 4062 Παφλαγόνα
444 3979 492 4041 τὸν
508 3980 651 4064 νεώνητον
667 3980 754 4043 κακὸν
771 3982 867 4047 κακῶς
881 3979 1051 4044 ἀπολέσειαν
1071 3981 1096 4042 οἱ
1118 3981 1190 4048 θεαί.
1213 3984 1246 4047 in
1262 3985 1343 4068 plut

240 4084 317 4150 879:
341 4087 357 4149 ὁ
381 4086 449 4155 θεὸς
471 4086 565 4156 ἐξολεῖ
578 4085 645 4155 τοὺς
661 4089 843 4173 συκοφάντας
865 4087 970 4156 κακοὺς
992 4094 1098 4157 κακῶς.
1121 4092 1153 4154 in
1167 4093 1245 4177 plut.
1260 4090 1343 4155 4182

240 4195 333 4261 ἐξολῶ
355 4195 428 4280 ὑμᾶς
450 4194 557 4264 κακοὺς
579 4200 684 4265 κακῶς.
708 4199 738 4261 in
762 4198 851 4280 equit
875 4196 1032 4264 las-90:
1059 4197 1134 4262 κακὰ
1156 4205 1261 4284 κακῶς,
1284 4197 1341 4265 uhi

241 4305 430 4370 scholiastes
452 4324 532 4369 voce
554 4308 746 4388 παροιμιῶδες
767 4308 929 4389 admonet,
961 4309 1018 4375 has
1049 4307 1198 4377 formulas
1228 4311 1260 4374 in
1282 4325 1340 4376 oro

240 4414 327 4498 vulgi
351 4421 497 4493 versatas
518 4433 598 4482 esse.
