2866 5176
806 309 847 372 84

727 399 926 408 ...——.-.

277 516 393 580 nullam
430 516 584 579 rationem
620 515 749 594 habent,
792 512 853 576 nisi
891 512 993 576 simile
1029 510 1149 594 aliquid
1186 517 1282 593 atquc
1323 510 1381 571 νεῖν

279 626 431 709 sequitur.

377 732 429 796 Ad
464 738 686 816 paupertatem
717 732 919 814 inopiamque
952 749 1102 792 summam
1136 726 1380 810 significandam

277 842 444 906 dicebatur·
465 842 584 905 locutio
607 837 821 922 γυμνότερος
853 838 1051 922 λεβηρίδος,
1076 859 1168 922 quam
1190 837 1382 920 Aristopha-

277 971 348 1015 nem
370 953 402 1015 in
425 951 619 1033 Amphiarao
648 968 834 1033 usurpasse,
867 949 1037 1012 Erotianus
1066 949 1097 1011 in
1128 947 1231 1011 lexico
1255 947 1382 1029 Hippo·

281 1061 405 1123 cretico
422 1081 452 1143 p.
471 1057 531 1119 244
549 1059 597 1124 ed.
613 1059 724 1122 Franz.
750 1058 919 1122 memoriae
934 1057 1075 1138 tradidit,
1099 1077 1161 1138 quo
1178 1057 1250 1120 lcco
1266 1056 1383 1120 eodem

277 1189 389 1233 vocem
413 1168 566 1252 λεβηρίδος
589 1168 635 1232 sic
659 1168 850 1251 explicatam
879 1167 1026 1249 legimus:
1056 1165 1222 1248 ὑμενώδοος
1250 1165 1381 1246 ἀποσύρ-

281 1300 380 1361 puros,
406 1276 477 1360 ὅπερ
501 1277 559 1339 ἐστὶ
581 1275 613 1338 τδ
637 1281 693 1338 τῶν
717 1273 813 1359 ὄρεσιν
836 1273 991 1358 λεγόμενον
1014 1279 1112 1358 γῆρας.
1157 1274 1340 1357 Hesychius
1357 1295 1384 1340 S.

276 1408 306 1450 v.
329 1409 410 1470 ηυμν.
435 1387 496 1472 λεβ.
520 1386 638 1450 similes
654 1385 833 1448 locutiones
856 1384 987 1465 notavit,
1011 1404 1091 1466 quae
1114 1391 1186 1448 snnt
1200 1382 1385 1468 τυφλότερος

277 1497 341 1581 λεβ.
366 1503 398 1559 ct
420 1493 570 1578 κενότερυς
594 1494 752 1580 λεβηρίδος.
777 1492 816 1557 cf.
840 1494 956 1557 Zenob.
979 1493 1020 1574 Il,
1041 1491 1090 1556 95.

381 1620 432 1684 Ad
454 1639 521 1701 cos,
555 1621 608 1702 qui
631 1620 664 1682 in
687 1620 751 1683 otio
785 1625 817 1682 ct
839 1639 920 1701 pace
938 1620 1054 1700 vivunt,
1086 1619 1225 1703 pertinet
1256 1618 1382 1683 locutio

276 1728 365 1812 μηδὲ
386 1728 527 1812 κάρφος
549 1732 674 1810 κινεῖν,
697 1729 729 1790 in
751 1727 824 1811 lays.
847 1725 918 1790 474.
943 1727 982 1791 cf.
999 1730 1112 1811 Aposl.
1134 1727 1192 1808 XI,
1207 1725 1257 1790 41.
1281 1727 1382 1810 Diog.

276 1836 331 1917 VI,
355 1835 405 1900 dl.
450 1838 540 1901 Haec
562 1837 681 1902 locutio
705 1843 843 1919 cognata
866 1845 914 1900 est
936 1837 995 1917 cie,
1023 1856 1177 1918 quaeres
1200 1837 1293 1918 parvi
1318 1857 1382 1900 mo-

275 1947 371 2010 menti
395 1946 590 2028 significant,
618 1966 748 2028 magnus
771 1966 878 2010 carum
899 1965 1045 2008 numerus
1061 1955 1117 2026 cst,
1139 1945 1239 2009 veluti
1260 1943 1383 2028 ψακὰς

275 2053 449 2141 ἀρηυρίοο
471 2056 503 2118 in
527 2075 596 2139 pac.
622 2056 688 2118 121.
714 2053 753 2118 cl.
767 2054 869 2116 Pla-ut.
882 2054 997 2117 Pseud.
1016 2053 1102 2136 1,4,4.
1115 2055 1207 2137 Diog.
1223 2055 1315 2137 VHI,
1329 2055 1381 2120 71.

276 2163 315 2227 G.
339 2162 374 2227 C.
398 2163 433 2227 L.
456 2163 514 2244 Ill,
536 2162 586 2226 41.
632 2161 721 2247 ἀχνη
751 2162 862 2225 ὕπνου
884 2164 917 2226 in
938 2183 1027 2248 vesp.
1051 2162 1100 2226 92.
1125 2163 1163 2229 cf.
1187 2166 1271 2248 App.
1297 2164 1382 2247 1,44.

275 2271 442 2353 πασσάλη
465 2271 576 2333 ὕπνου
599 2272 631 2334 in
653 2293 741 2355 vesp.
761 2271 810 2334 91.
836 2271 934 2355 σςίλη
959 2272 1063 2334 ὕπνου
1085 2273 1118 2336 in
1133 2293 1222 2356 vesp.
1246 2270 1320 2338 213.
1339 2311 1380 2319 -

275 2380 355 2443 Tum
376 2401 440 2444 vox
463 2381 614 2447 relocatur
637 2381 845 2463 significabat,
874 2402 953 2465 quac
975 2381 1094 2444 minimi
1117 2383 1382 2464 aestimabantur,

275 2489 386 2553 veluti:
409 2489 501 2572 μηδὲ
523 2490 705 2550 πάσσαλον
728 2487 840 2574 ἔχειν,
864 2493 895 2553 ln
912 2491 1027 2554 eccles
1043 2488 1112 2571 284,
1130 2490 1217 2573 μηδὲ
1239 2492 1381 2553 πάσσα·

276 2599 335 2659 λον
361 2601 570 2661 καταλιπεῖν
594 2620 644 2683 ap.
667 2599 742 2664 Luc.
763 2599 831 2682 jud.
854 2619 924 2662 voc.
947 2598 976 2681 9,
999 2601 1182 2661 πασσάλου
1208 2599 1381 2681 γυμνότε-

275 2729 333 2788 ρος
356 2727 407 2790 ap.
430 2707 588 2772 Aristacn
612 2705 690 2789 2,18.
736 2708 887 2790 Ejusdem
910 2710 1034 2790 generis
1053 2718 1103 2773 est
1129 2707 1227 2777 ἄξιος
1254 2710 1383 2792 τριηὸς

275 2816 309 2878 iu
330 2835 397 2878 ran.
422 2813 494 2896 614,
523 2816 562 2880 de
585 2837 647 2898 quo
671 2815 709 2879 cf.
736 2817 852 2881 Zencb.
875 2816 973 2898 11,4:
1007 2817 1052 2879 ἐπὶ
1086 2821 1140 2879 τῶν
1175 2817 1303 2880 εὐτελῶν
1333 2821 1383 2883 καὶ

277 2922 402 3006 μηδενὸς
424 2923 524 2993 ἀξίων·
548 2923 672 3008 παρόσον
694 2928 711 3008 i,
737 2925 796 3010 θρὶξ
819 2927 937 2994 οὐδενὸς
959 2926 1031 2995 ἀξία.

1234 3059 1247 3080 ⁸!

376 3058 447 3121 Huc
483 3059 670 3123 referendae
707 3070 779 3124 sunt
805 3082 901 3125 voces
934 3062 1131 3144 τριώβολος
1165 3068 1197 3124 et
1230 3062 1381 3147 οβολος,

275 3185 358 3245 quae
393 3166 467 3230 item
502 3188 554 3231 res
579 3169 700 3231 minimi·
725 3169 820 3252 pretii
849 3170 1083 3252 significabant,
1117 3170 1204 3233 velut
1236 3172 1268 3234 in
1302 3194 1381 3257 pac.

201 3356 206 3361 ,
274 3273 412 3338 848—9:
451 3273 504 3337 οὐκ
526 3273 560 3335 ἀν
583 3273 625 3338 ἔτι
647 3276 726 3360 δοίην
752 3283 809 3338 τῶν
832 3278 909 3338 θεῶν
940 3279 1132 3363 τριώβολον
1166 3279 1191 3340 εί
1217 3282 1380 3365 πορνοβοσ·

275 3385 355 3445 κυῦά
380 3384 472 3466 ὥσπιρ
494 3385 578 3467 ἡμεῖς
600 3385 625 3445 οἱ
642 3385 740 3469 βροτοί
770 3396 802 3450 ct
824 3387 855 3449 in
867 3388 945 3471 plut.
964 3385 1094 3470 123-6,
1117 3388 1172 3453 ubi
1186 3387 1380 3476 Chremylus

273 3493 368 3557 Pluto
392 3493 452 3556 dec
476 3493 556 3556 haec
580 3494 672 3557 dicit:

474 3623 526 3687 οἴει
546 3625 601 3709 ηάρ
626 3625 695 3690 εἶναι
716 3630 768 3711 τἠν
789 3629 856 3696 Διὸς
871 3631 1022 3714 τυραννίδα

472 3733 519 3796 καὶ
541 3734 609 3801 τοὺς
631 3737 788 3817 κεραυνοὺς
810 3737 904 3806 ἀξίους
926 3736 1139 3822 τριωβόλου,

472 3843 522 3905 ἐὰν
546 3842 713 3928 ἀναβλέψῃς
735 3845 769 3909 σὺ
792 3844 845 3909 κάν
868 3847 965 3929 μικρὸν
987 3846 1100 3932 χρόνον.

273 3983 305 4040 ct
327 3972 459 4061 ἀβολος
477 3977 509 4040 in
532 3979 603 4040 nub.
630 3975 704 4041 118:
742 3984 799 4042 τῶν
821 3985 917 4064 χρεῶν
945 3981 997 4043 οὐκ
1025 3980 1060 4043 ἀν
1088 3982 1224 4067 ἀποδοίην
1252 3985 1315 4048 οὐδ’
1341 3987 1376 4051 ἀν

273 4079 401 4167 ἀβολυν
439 4085 542 4149 οὐδενί.
601 4087 659 4150 Oui
690 4109 751 4151 non
785 4090 815 4153 in
849 4101 984 4155 mentem
1016 4092 1104 4156 venit
1129 4093 1219 4157 vocis
1242 4105 1375 4163 nostrae

251 4193 491 4284 ¹„Pfifferling‘t
513 4195 565 4259 vel
586 4196 754 4277 „Heller“‘l

373 4316 450 4382 Cum
482 4326 591 4384 nestra
625 4321 772 4402 „Quark“
806 4327 985 4407 comparari
1014 4334 1122 4411 potest
1154 4348 1217 4391 vox
1244 4328 1376 4397 Graeca

272 4424 393 4518 βόλιτος,
418 4449 510 4512 quam
533 4430 563 4492 in
588 4449 657 4514 equ
682 4430 744 4494 658
765 4433 908 4516 legimuS,
931 4436 985 4498 ubi
1009 4435 1111 4500 schol:
1146 4436 1262 4522 βολίτου
1291 4439 1374 4527 δίκη·
