2782 5032
560 348 601 413 33

28 550 113 634 θρῖον
135 572 198 616 non
219 551 385 633 farcimen,
419 552 476 617 scd
499 550 608 616 folium
632 550 830 634 significare,
860 558 1003 636 apparet.
1047 550 1135 617 Idem

30 662 238 743 proverbium
260 663 372 744 Apost.
396 660 486 740 XIV,
508 658 549 722 68
571 661 702 744 recepit,
725 661 779 725 ubi
803 660 885 725 falsa
906 661 1004 726 lectio
1029 660 1137 744 θηρίων

32 789 91 852 pro
116 769 206 854 θρίων
227 770 353 854 legitur.

133 878 248 944 Utrum
270 879 303 943 in
323 898 390 941 ran.
414 875 476 939 859
502 876 537 940 oh
560 877 586 940 δ’
610 876 698 945 εὐθὺς
721 877 823 960 ὥσπερ
854 880 981 960 πρῖνος
1008 877 1135 962 ἐμπρη

36 986 134 1055 chalc
168 989 254 1072 βοᾷς,
289 989 402 1072 quihus
436 987 543 1051 vorbis
570 987 716 1074 Bacchus
745 987 938 1070 Aeschylum
970 986 1141 1069 compellat

39 1097 238 1162 vehementer
261 1098 511 1160 stomachantem
527 1103 660 1180 propter
675 1096 840 1179 Euripidis
856 1096 996 1177 crimina,
1017 1096 1139 1161 locutio

40 1205 176 1287 vulgaris
192 1207 401 1287 contineatur,
425 1228 465 1269 an
489 1205 677 1287 metaphora
699 1207 739 1268 ab
755 1204 974 1287 Aristophane
996 1203 1140 1286 formata,

42 1313 71 1376 in
90 1315 194 1378 medio
228 1315 467 1397 relinquendum
495 1320 561 1394 est,
597 1327 776 1397 quanquam
799 1313 933 1379 Graecis
961 1314 1141 1399 complures

46 1422 176 1504 ejusdem
210 1425 338 1507 generis
370 1423 550 1488 locutiones
583 1422 734 1504 vulgares
768 1421 868 1487 fuisso
900 1424 1050 1486 traditum
1083 1430 1140 1496 est,

48 1531 134 1597 veluti
156 1553 207 1615 ap.
230 1533 323 1616 Diog.
342 1529 455 1613 V1,52
477 1530 593 1614 pallore
616 1531 672 1615 βοᾷ
694 1530 806 1615 δάφνης
827 1533 949 1615 χλωρᾶς
971 1530 1140 1615 καιομένης·

51 1639 88 1701 ἐπὶ
110 1644 167 1702 τῶν
191 1642 306 1723 μεγάλα
328 1641 476 1723 βοώντων.

135 1749 183 1813 Ex
206 1750 360 1830 elleboro,
395 1750 480 1832 quod
502 1749 637 1813 Romani
661 1757 819 1814 veratrum
840 1756 971 1823 vocant,
1004 1749 1140 1814 modica-

56 1864 173 1922 mentum
194 1858 313 1923 Graeci
336 1860 584 1939 componebant,
606 1879 668 1940 quo
691 1858 714 1920 ii
738 1865 940 1939 sanarentur,
964 1858 1072 1940 quiin
1096 1859 1138 1924 in·

57 1965 156 2029 saulam
177 1968 374 2032 incidissent.
403 1967 607 2049 Quapropter
622 1966 785 2047 locutioni,
807 1970 953 2048 quaeest
972 1965 1031 2027 crit
1054 1965 1138 2029 ἑλλέ-

59 2071 126 2155 βορον
145 2077 175 2139 in
195 2096 264 2140 ran.
290 2074 370 2137 1489
404 2075 517 2140 similis
552 2075 745 2157 significatio
779 2075 863 2144 inest
889 2095 928 2138 ac
958 2074 985 2138 si
1008 2074 1142 2139 dicimus

61 2181 187 2258 ,insanus
208 2205 255 2266 es,
283 2194 412 2250 veratro
436 2185 495 2249 tihi
517 2204 597 2266 opus
621 2186 698 2248 ost.“
744 2183 784 2247 cs.
808 2185 921 2265 Apost.
944 2183 1034 2264 XIV,
1057 2182 1138 2248 302.

60 2291 152 2357 Athen.
173 2295 213 2375 X,
235 2292 308 2357 446.
331 2295 370 2357 D.
416 2292 584 2377 spectavit
605 2293 645 2357 ad
668 2293 831 2375 proverbii
854 2293 984 2357 formam
1007 2299 1137 2375 tanturn,

61 2399 191 2481 neglecta¹
203 2403 376 2481 sententia,
411 2408 510 2485 pocta
535 2409 645 2466 noster
671 2402 703 2464 in
725 2401 800 2485 Lys.
823 2400 873 2466 67.
905 2403 959 2465 nbi
983 2401 1140 2483 Callinico

62 2508 184 2576 mulieres
211 2512 379 2576 nonnullas
414 2511 714 2594 appropinquantes
745 2511 858 2575 videns
891 2531 930 2575 ex
960 2511 1141 2594 Lysistrata

63 2620 171 2701 quaerit,
192 2621 276 2685 unde
298 2621 373 2685 sint:
404 2616 495 2682 πόθεν
517 2619 602 2701 stulu
636 2620 688 2683 cui
709 2620 789 2684 haec
811 2619 999 2702 respondet:
1018 2616 1140 2702 Ἀναγυ-

64 2725 203 2809 ρουντόθεν,
237 2736 270 2794 et
297 2729 353 2793 illa
375 2730 503 2794 iterum:
537 2730 572 2812 νὴ
594 2727 642 2788 τὸν
665 2727 718 2790 Δία
740 2728 756 2790 ὁ
778 2732 847 2810 γοῦν
876 2727 1054 2812 ἀνάγυρός
1083 2751 1142 2812 μοι

63 2837 252 2918 κεκινῆσθαι
274 2839 385 2901 δοκεῖ.

141 2945 215 3012 llrat
236 2947 319 3011 enim
334 2953 367 3012 ot
381 2947 472 3011 vicus
494 2947 526 3010 iu
542 2948 660 3028 Attica,
683 2947 734 3010 cui
750 2967 863 3010 nomen
881 2942 1049 3029 Ἀνάγιιριι
1064 2956 1141 3029 erat,

10 3116 12 3123 .
64 3052 89 3110 et
104 3051 190 3120 herba
212 3056 369 3139 quaedam
391 3055 503 3120 eodem
524 3057 651 3120 nomine
674 3055 837 3137 praedita,
871 3075 1003 3137 quarum
1026 3075 1142 3119 vocum

10 3150 12 3193 ³
64 3155 88 3218 in
105 3171 246 3228 concentu
269 3165 341 3228 solo
363 3165 461 3247 jocus
484 3165 671 3231 continetur.
715 3163 797 3228 Nam
821 3164 905 3246 quod
932 3165 1052 3229 locutio
1076 3163 1143 3226 ἀνά-

64 3283 129 3347 ppo
149 3277 256 3336 κινεῖν
285 3272 459 3356 significat,
492 3275 525 3338 id
548 3294 679 3356 prorsus
701 3274 763 3337 hoc
785 3275 857 3337 loco
881 3274 1060 3356 neglectum
1083 3282 1142 3339 est.

65 3369 124 3440 Ona
143 3387 187 3445 est
207 3383 328 3447 locutio
352 3404 371 3446 a
392 3383 472 3447 flore
494 3383 646 3464 dcci-sopor,
671 3383 725 3463 qui
748 3384 843 3446 tritus
866 3383 947 3446 male
969 3366 1085 3460 olebat,
1109 3391 1144 3446 ut

65 3479 89 3544 in
106 3490 224 3556 scholiis
249 3491 383 3573 legimus
414 3488 475 3554 ἔστι
498 3491 531 3552 δὲ
553 3488 611 3552 πόα
633 3490 776 3572 toraca.
821 3493 996 3555 Dicebatur
1023 3492 1054 3554 in
1077 3511 1141 3564 eos,

66 3594 106 3671 qui
123 3599 177 3663 sihi
196 3602 277 3685 ipsis
300 3601 452 3664 malorum
475 3607 623 3665 auctores
647 3609 755 3666 essent
780 3609 814 3664 et
834 3601 866 3664 in
889 3619 978 3663 suam
1000 3602 1142 3684 ipsorum

65 3707 210 3779 perniciem
238 3711 418 3792 quempiam
448 3710 627 3788 irritarent,
662 3716 697 3772 ut
718 3709 840 3772 Erasm.
865 3731 895 3790 p.
918 3708 959 3770 39
992 3710 1143 3793 explicat.

66 3807 94 3872 tf.
113 3816 214 3900 Apost.
236 3818 299 3899 lx,
321 3815 377 3898 99,
406 3820 464 3901 qui
494 3818 613 3882 similes
635 3818 813 3881 locutiones
836 3824 1012 3897 enumerat,
1045 3818 1144 3883 veluti

66 3921 152 4009 ttpu‘rrp
173 3927 220 3990 τὸν
246 3926 395 4011 σκορπίον,
427 3925 501 3990 κόνιν
530 3931 638 4012 φυσᾷς,
670 3924 703 3989 εὖ
731 3926 859 4008 κείμενον
885 3929 973 3988 κακὸν
999 3930 1145 3995 κινεῖς-

66 4041 127 4105 lucc
146 4039 240 4102 verba
263 4046 425 4121 postrema
448 4059 510 4104 non
533 4022 697 4120 provdbii
721 4037 877 4120 speciem,
908 4035 965 4100 scd
992 4037 1145 4119 interpro-

65 4137 169 4210 atonis
190 4146 410 4212 antecedentis
440 4147 605 4229 proverbii
633 4148 791 4230 praebent
823 4183 862 4191 —
897 4143 1002 4207 λέοντα
1024 4144 1144 4213 closae

65 4241 312 4321 Commemoratur
330 4262 440 4319 nostra
462 4255 581 4319 locutio
611 4255 708 4320 ctiam
736 4276 752 4318 a
777 4255 895 4319 Zenoh.
918 4254 966 4333 ll,
987 4253 1029 4316 55
1051 4259 1083 4318 ct
1104 4254 1144 4319 G.

65 4352 91 4418 0.
108 4359 144 4428 u
161 4364 185 4447 1,
206 4363 258 4430 23.

142 4471 175 4537 Iu
195 4493 252 4539 ore
275 4472 364 4556 vulgi
386 4472 462 4537 item
484 4473 674 4537 versabatur
695 4473 831 4554 locutio,
856 4491 937 4556 quae
959 4479 1008 4536 est
1029 4473 1143 4555 λημᾶν

1027 4588 1044 4640 3
