2866 5176
788 261 829 324 46

706 350 905 358 m—

255 463 330 527 mihi
353 463 526 529 verisimile
560 468 624 545 est,
657 471 785 549 poetam
806 462 959 531 'nostrum
992 466 1052 531 hoc
1084 467 1158 533 loco
1193 470 1359 554 proverbii

255 573 445 637 mentionem
468 571 575 638 facere
598 574 748 639 voluisse.

355 699 502 783 Denique
524 699 555 762 in
578 721 650 782 equ.
675 699 747 782 137,
779 700 834 764 ubi
857 703 968 784 rerba,
1003 723 1085 785 quae
1116 710 1189 768 sunt
1221 701 1296 786 perh
1323 703 1360 766 δὲ

255 809 334 870 ταῦτ’
364 806 535 891 ἀπόλλυται,
572 807 742 892 ἐπιγίγνεται
762 809 817 894 γὰρ
851 812 1044 896 βυρσοπώλης
1066 812 1082 874 ὁ
1105 809 1285 896 Παφλαγών,
1309 811 1360 896 ἅρ-

254 916 320 998 παξ,
343 917 512 999 κεκράκτης,
531 912 766 1005 Κυκλοβόρου
790 924 909 1005 φωνὴν
932 918 1040 1005 ἔχων,
1062 922 1104 986 ad
1122 922 1272 987 Cleonem
1288 943 1360 1007 per·

255 1027 365 1108 tinent,
384 1033 488 1090 utrum
512 1030 610 1092 verba
631 1024 867 1116 Κυκλοβόρου
897 1032 1016 1114 φωνὴν
1043 1027 1142 1115 ἔχειν
1163 1031 1359 1096 locutionem

256 1125 490 1226 proverbialem
525 1139 708 1203 contineant
738 1159 778 1202 au
811 1139 1028 1222 metaphoram
1063 1161 1082 1204 a
1114 1146 1215 1224 poeta
1246 1142 1360 1206 nostro

256 1252 432 1331 formatam,
456 1249 585 1315 decerni
607 1269 671 1312 non
693 1256 810 1333 potest.
855 1247 1055 1329 Cycloborus
1078 1255 1128 1313 est
1149 1249 1262 1313 fluvius
1276 1251 1360 1314 Atti-

256 1380 324 1425 cae.
363 1360 456 1445 Apud
480 1358 787 1443 paroemiographos
808 1357 887 1420 nihil
910 1356 950 1421 de
967 1359 1016 1422 his
1029 1358 1137 1422 verbis
1159 1359 1358 1450 explicatum

255 1470 378 1554 reperi;
402 1469 517 1534 Suidas
540 1474 645 1532 autem
668 1486 692 1530 s.
716 1488 745 1528 v.
761 1461 890 1549 Κυκλυβ.
910 1468 978 1550 jam
1001 1467 1142 1553 explicat
1163 1467 1361 1535 locutionem

256 1599 328 1663 per:
362 1575 408 1638 ἐπὶ
439 1582 494 1639 τῶν
523 1576 719 1660 κακορώντων
742 1575 757 1637 ὁ
782 1573 878 1657 λόγος,
902 1575 948 1638 διὰ
971 1580 1021 1660 τὴν
1043 1575 1119 1662 ἦχον
1140 1579 1192 1638 τοῦ
1214 1579 1359 1659 ποταμοῦ.

258 1686 298 1757 cf.
322 1687 445 1750 Erasm.
468 1709 499 1772 p.
521 1685 597 1751 525:
630 1685 688 1765 ,de
711 1685 859 1748 clamosis
881 1693 914 1750 ct
935 1686 1138 1750 vehementer
1160 1686 1361 1769 obstrepcris

257 1797 435 1878 dicebatur,
471 1803 526 1860 aut
559 1796 674 1877 quibus
706 1817 770 1861 vox
796 1804 881 1861 esset
902 1795 1020 1859 vitiosa
1041 1797 1233 1879 raucaqae“.
1278 1794 1361 1860 Cum

256 1912 401 1970 veterum
424 1904 607 1970 testimonia
628 1924 686 1967 nos
709 1903 873 1985 deficiant,
907 1924 969 1968 non
1002 1903 1238 1984 affirmaverim,
1270 1903 1360 1968 illam

258 2014 451 2078 locutionem
474 2013 573 2078 fuisse
595 2013 838 2095 proverbialem,
868 2014 1011 2095 quamvis
1034 2034 1125 2079 nemo
1149 2033 1266 2097 negare
1288 2033 1361 2096 pos·

256 2124 307 2206 sit,
331 2124 361 2188 ei
383 2124 523 2207 speciem
546 2121 710 2207 proverbii
733 2143 795 2187 non
819 2123 941 2188 deesse.

356 2250 449 2313 Alter
469 2248 564 2331 hujus
587 2248 689 2332 partis
711 2248 801 2312 locus
822 2255 880 2329 est,
907 2258 942 2312 ut
963 2247 1003 2312 da
1023 2247 1205 2330 proverbiis
1226 2247 1362 2312 locutio·

257 2359 413 2440 nibusque
444 2360 484 2420 ab
515 2359 708 2422 hominum
742 2357 991 2440 singulorum
1023 2357 1131 2423 indole
1152 2358 1361 2440 moribusque

258 2467 367 2550 potitis
391 2467 557 2551 disputem.

313 2616 316 2621 ’
358 2590 436 2658 Cum
460 2595 492 2656 in
514 2593 585 2656 aliis
610 2593 762 2676 partibus,
783 2599 850 2656 tum
873 2591 904 2654 in
926 2591 987 2654 hec
1007 2589 1139 2655 difficile
1155 2597 1204 2655 est
1226 2611 1361 2674 coguos-

258 2722 347 2785 cere,
381 2704 463 2788 quae
491 2703 670 2767 locutiones
703 2700 869 2766 habendae
901 2701 964 2764 siut
996 2701 1225 2785 proverbiales
1275 2701 1361 2766 Nam

228 2789 231 2795 ’
258 2812 328 2876 cum
351 2812 583 2896 Aristophanes
606 2812 639 2874 id
662 2811 797 2875 maxime
820 2811 990 2890 studuerit,
1013 2816 1048 2873 ut
1070 2818 1239 2892 corruptos
1261 2810 1361 2874 homi·

257 2942 329 2984 num
353 2935 457 2987 mores
480 2923 662 3003 castigaret,
683 2941 745 2983 non
768 2920 863 2984 facile
886 2921 948 2984 erit
969 2919 1127 3002 judicare,
1150 2927 1252 2984 utrum
1273 2919 1362 2984 locu-

257 3031 302 3096 tio
325 3031 365 3094 ab
382 3047 420 3096 ao
443 3033 514 3114 ipso
537 3030 578 3094 ad
592 3028 786 3095 irridendum
802 3028 937 3111 aliquem
954 3029 1090 3094 formata
1111 3030 1161 3110 sit,
1182 3011 1222 3093 an
1236 3029 1360 3095 locutio

257 3139 291 3203 in
312 3159 372 3217 ore⁸
391 3140 479 3223 vulgi
496 3140 563 3223 jum
579 3140 710 3222 vulgata
732 3139 829 3204 fuerit
850 3146 882 3204 et
903 3160 923 3202 a
944 3147 1041 3224 poeta
1063 3147 1215 3222 usurpata
1236 3145 1360 3202 tantum

258 3248 308 3313 sit.
353 3249 499 3332 Exempli
523 3269 620 3313 causa
642 3248 816 3312 nonnullas
835 3248 1012 3314 locutiones
1047 3248 1190 3329 afferam,
1224 3262 1308 3330 quae
1341 3266 1361 3311 e

258 3364 355 3441 poeta
379 3358 501 3423 demum
525 3357 636 3420 irrisus
660 3377 757 3421 causa
779 3357 932 3423 formatae
955 3377 1027 3423 esse
1049 3357 1125 3420 mihi
1146 3357 1304 3421 videntur.
1348 3362 1351 3369 ’

357 3467 394 3529 lu
416 3453 482 3532 fan.
508 3464 617 3548 neae
639 3466 908 3551 leguntur-verba

504 3566 508 3577 Ι
798 3595 802 3600 ’
873 3591 1019 3676 εὐδαίμων
1041 3590 1088 3676 ἄρ’
1112 3589 1156 3674 ἤν,

557 3700 582 3763 εἰ
603 3701 840 3786 κάστρατήγησέν
862 3724 896 3784 γε
918 3702 979 3785 μετ’
996 3697 1187 3787 Ἐρασινίδου,

259 3870 340 3934 quae
359 3854 459 3917 verba
474 3853 652 3935 Euripidae,
669 3854 709 3918 dc
724 3853 912 3936 Oedipodis
926 3852 991 3919 lato
1013 3853 1161 3936 loquitur,
1184 3854 1205 3918 i.
1229 3873 1256 3918 e.
1269 3852 1362 3921 Oedi·

257 3981 319 4045 pus
339 3960 417 4026 felix
439 3961 559 4042 suisset,
582 3963 708 4027 etiamsi
731 3983 802 4026 cum
817 3961 987 4026 Erasinida
1003 3962 1043 4025 ad
1058 3962 1174 4027 bellum
1195 3961 1361 4046 proiectus

258 4077 352 4137 esset.
390 4070 484 4147 Quae
505 4074 605 4136 verba
627 4073 704 4156 quid
727 4072 790 4137 eibi
812 4072 925 4154 velint,
952 4071 1031 4136 haec
1054 4081 1139 4136 sunt:
1172 4070 1362 4137 Erasinidas

258 4188 330 4246 erut
351 4201 430 4246 uuus
452 4201 492 4246 ex
513 4201 642 4245 numero
666 4182 789 4261 ducum,
809 4182 863 4264 qui
885 4181 1039 4265 proelium
1061 4180 1140 4244 illud
1162 4181 1247 4264 apud
1268 4182 1363 4266 Argi-

257 4309 353 4354 nusas
372 4290 495 4355 insulas
518 4289 756 4373 commiseraut3
788 4293 932 4356 Athenas
954 4308 1103 4355 reversus
1125 4311 1188 4361 una
1210 4311 1280 4354 cum
1304 4311 1363 4357 sex

259 4399 392 4482 collegis
414 4401 448 4465 in
468 4400 598 4464 vincula
619 4400 783 4485 conjectus
801 4401 981 4486 capitisque
997 4399 1162 4465 damnatus
1185 4407 1243 4466 est.
1280 4399 1363 4466 Ourn
