2782 5032
702 223 901 388 -rl-

873 512 991 575 „saepe
1012 491 1152 576 lapillos,

271 646 274 653 ·
374 603 420 668 Ut
439 603 570 686 cymbae
592 602 758 667 instabiles
779 602 876 666 fluctu
894 602 1040 685 jactante
1062 604 1236 683 suburram,

375 712 513 793 Tollunt,
532 712 581 775 his
605 731 676 776 sese
698 731 756 795 per
778 713 886 774 inania
906 712 1018 776 nubila
1039 711 1188 776 librant.“

354 872 457 936 Aliter
489 871 644 952 originem
678 871 915 953 consuetudinis
950 871 1113 954 explicant
1135 870 1259 934 Aeliam
1290 868 1345 951 περὶ

254 980 339 1051 ζώων
361 976 433 1060 3,13
468 987 499 1044 ct
520 981 601 1044 Plin.
624 980 654 1044 h.
675 1002 704 1043 n.
731 976 820 1059 1023
844 976 911 1062 (30)
947 980 1122 1060 „excubias
1144 979 1264 1042 habent
1296 977 1345 1060 (so.

254 1087 362 1172 grues)
385 1086 548 1152 nocturnis
571 1089 768 1170 temporibus
789 1088 935 1172 lapillum
957 1089 1040 1171 pede
1063 1088 1273 1168 sustinentes,
1301 1085 1346 1168 qui

253 1198 379 1263 laxatus
402 1216 510 1261 somno
534 1203 566 1260 et
588 1197 739 1262 decidens
760 1196 992 1280 indiligentiam
1015 1197 1200 1279 coarguat.“
1245 1194 1347 1259 Tertia

255 1306 393 1390 denique
415 1305 638 1389 interpretatio
662 1327 713 1389 ap.
738 1305 824 1370 Suid.
849 1327 874 1370 s.
890 1328 920 1371 u.
942 1307 1077 1394 legitur,
1093 1306 1147 1388 qui
1170 1324 1234 1368 non
1256 1302 1348 1367 solnm

254 1416 342 1479 illurn
364 1435 474 1497 gruum
498 1434 624 1494 morem,
648 1413 704 1477 sed
721 1415 815 1478 etiarn
832 1415 1042 1495 proverbium,
1065 1412 1212 1494 γέρανοι
1234 1411 1349 1477 λίθους

256 1522 418 1607 φέρουσι,
452 1522 536 1606 qnod
570 1543 610 1586 ex
630 1523 692 1585 hoc
721 1542 832 1604 gruum
855 1543 942 1588 more
970 1530 1072 1587 ortum
1102 1528 1166 1604 est,
1201 1521 1347 1605 explicat:

255 1633 300 1694 ἐπὶ
321 1637 378 1694 τῶν
400 1636 598 1715 προνοητικῶς
619 1655 644 1692 τι
665 1633 838 1694 ποιούντων·
861 1633 889 1694 αἱ
905 1631 960 1715 γὰρ
980 1631 1101 1715 γέρανοι·
1112 1630 1164 1694 ’διὰ
1186 1631 1219 1693 τὸ
1243 1630 1273 1693 ἐν
1295 1630 1350 1714 dds

255 1739 393 1807 πέτεσθαι
414 1739 461 1802 καὶ
482 1745 520 1821 τῇ
542 1739 582 1807 εἰς
604 1739 677 1802 εὐθὺ
700 1740 780 1824 ὁρμῇ
800 1740 861 1833 τήνι
874 1742 920 1804 ἐπὶ
941 1740 977 1805 τά
1000 1743 1080 1804 κάτω
1108 1738 1182 1805 θεὰν
1206 1738 1349 1823 ἐμποδίζε-

256 1849 333 1932 σθαι,
357 1848 454 1916 λίθους
475 1849 672 1932 βαστάζουσιν,
696 1847 776 1919 ὅπως
798 1849 957 1932 κάμνουσαι
971 1856 1009 1932 τῇ
1031 1851 1134 1934 πτήσει
1156 1849 1289 1933 pictavae,
1310 1845 1351 1909 vul

256 1957 413 2039 αἴσθοιντο,
434 1955 557 2041 πότερον
579 1957 625 2020 ἐπὶ
646 1961 700 2040 γῆς
721 1956 740 2040 ἢ
762 1958 915 2045 θαλάσσης
937 1958 1085 2043 φέρονται·
1115 1958 1162 2021 καὶ
1189 1958 1215 2021 el
1238 1958 1290 2042 μὲν
1311 1953 1351 2018 ἐπὶ

257 2069 496 2150 θαλάσσηςῆκυι
518 2066 534 2128 ὁ
557 2066 653 2147 λίθος,
687 2065 806 2129 ἀνύουσι
827 2071 879 2153 τὴν
903 2067 985 2130 ὁδὸν·
1019 2067 1099 2130 εἰδὲ
1123 2065 1259 2151 ἐπῖγῆς,
1292 2063 1351 2127 ἀνα·

256 2179 403 2240 παύονται.
449 2175 626 2270 υ1,,,Αρυεύ,
648 2176 687 2257 V,
710 2176 759 2242 35.
783 2179 866 2260 App..
889 2178 913 2258 I,
936 2176 986 2241 70.
1030 2175 1351 2259 Quaecunque'origo

255 2287 349 2370 hujus
371 2285 546 2356 locutionis
568 2296 629 2367 est,
658 2287 867 2369 proverbium
890 2288 930 2353 do
953 2288 1055 2352 cautis
1077 2286 1286 2369 providisque
1306 2282 1354 2345 ho·

256 2396 394 2467 minibus
421 2396 453 2459 in
475 2415 533 2458 usu
562 2395 674 2476 fuisse,
708 2403 835 2460 constat
866 2403 948 2461 teste
971 2396 1082 2477 Suida;
1116 2414 1220 2478 neque
1253 2399 1364 2458 tamen

257 2504 504 2587 Aristophanem
528 2504 569 2567 ad
591 2507 795 2587 proverbium
816 2506 919 2588 ipsum
943 2513 1120 2589 spectasse,
1155 2504 1213 2568 sed
1241 2501 1369 2567 fontem

258 2612 351 2677 modo
374 2613 555 2696 proverbii,
587 2613 607 2677 i.
632 2633 660 2678 e.
684 2615 944 2679 consuetudinem
972 2635 1083 2696 gruum
1104 2613 1230 2699 lapides
1252 2629 1376 2678 secuml

260 2722 415 2804 portandi,
439 2723 511 2787 istis
533 2723 641 2787 verbis
664 2723 819 2804 attigisse,
841 2730 986 2807 apparet.
1262 2710 1264 2715 ¹

321 2882 324 2887 ·
359 2855 473 2923 Restat
498 2863 533 2920 ut
555 2857 594 2922 de
617 2857 664 2921 eis
686 2858 870 2940 proverbiis
892 2858 1169 2940 locutionibusque
1196 2824 1376 2930 disseram,

259 2958 340 3050 quae
364 2965 403 3030 de
425 2966 647 3050 plantarum
669 2974 782 3031 natura
805 2967 993 3052 deprompta
1015 2972 1095 3031 suut.

359 3108 396 3173 In
417 3088 507 3192 vesp.
530 3106 592 3172 436
615 3104 821 3191 Bdelyoleon,
844 3117 1015 3194 postquam
1036 3128 1206 3191 vesparum
1223 3107 1377 3171 'chorum

260 3238 295 3282 se
317 3216 556 3300 aggredientem
577 3219 667 3300 vidit,
691 3200 802 3285 servos
824 3219 857 3285 in
879 3200 1029 3294 auxilium
1051 3224 1159 3301 vocat,
1179 3217 1293 3300 jocose
1315 3210 1379 3278 di-

261 3347 336 3392 cens
359 3329 400 3393 ὡς
419 3327 479 3409 ἐγὼ
501 3331 619 3391 πολλῶν
643 3328 770 3398 οἰκούσας
792 3326 858 3392 οἰδα
879 3329 968 3412 θρίων
991 3327 1039 3390 τὸν
1056 3325 1159 3412 ψύρον,
1183 3327 1237 3390 ubi
1253 3320 1364 3389 schol.

259 3435 339 3520 παρὰ
361 3437 411 3518 τὴν
434 3437 584 3520 παροιμίαν
608 3441 774 3520 ,πολλῶν
802 3438 873 3521 ἐγὼ
899 3437 1007 3522 θρίων
1030 3434 1170 3521 ψύφους
1192 3423 1378 3519 οἱκήκυα.“

258 3544 295 3608 τά
315 3544 372 3628 γὰρ
394 3544 460 3627 θρῖα
482 3545 620 3629 καιόμενα
642 3552 743 3634 ψοφεῖ·
775 3546 884 3632 εῖρητοιι
907 3548 941 3611 δὲ
962 3548 981 3630 ἡ
1009 3544 1147 3630 παροιμία
1175 3544 1221 3607 ἐπὶ
1245 3548 1302 3606 τῶν
1324 3532 1378 3604 δί’

260 3654 382 3738 ἀπειλῆς
414 3654 538 3739 θόρυβον
571 3658 617 3720 καὶ
649 3655 759 3741 κύρτον
792 3657 987 3740 ἐμποιούντων
1020 3656 1160 3738 διακενῆς.
1220 3647 1381 3732 θυαύταύ

259 3765 380 3829 locutio
402 3765 435 3827 in
457 3786 561 3849 seneS,
597 3768 651 3851 qui
675 3788 845 3850 vesparum
874 3766 976 3831 forma
997 3765 1120 3844 induta,
1154 3749 1379 3847 Bdelyoleoni

260 3875 324 3938 vim
357 3875 470 3939 afferre
502 3875 620 3940 frustra
652 3877 819 3941 minantur.
864 3876 946 3960 Quid
970 3876 1013 3939 sit
1045 3874 1133 3959 θρῖον,
1169 3873 1376 3956 explicatum

260 3983 394 4065 legimus
416 3985 448 4047 in
471 3986 591 4050 aduott.
615 3984 656 4049 ad
678 3985 771 4067 Didg.
795 3984 868 4065 VII,
891 3982 946 4051 9⁵2:
981 3983 1079 4067 ,θρῖον
1107 3981 1282 4046 farciminis
1314 3973 1377 4044 est

262 4113 374 4176 genus,
397 4113 460 4175 quo
482 4095 575 4177 plebs
597 4095 808 4158 Athenienses
830 4095 1033 4158 vehementer
1060 4091 1280 4156 delectabatur
1307 4077 1370 4171 (ef·

262 4203 341 4267 th.
366 4201 457 4269 1101.
481 4205 577 4286 equit.
600 4202 689 4286 960);
723 4225 837 4268 nomen
859 4204 1000 4288 accepit,
1029 4200 1113 4285 quod
1136 4201 1281 4283 singulae
1301 4208 1367 4268 reflr

263 4331 302 4376 ex
323 4313 437 4396 quibus
453 4315 710 4395 componebatur,
732 4315 764 4377 in
788 4314 876 4396 θρῖον,
901 4313 979 4377 licus
995 4310 1104 4375 folium
1119 4310 1367 4375 involvebantur·

262 4421 358 4505 inque
381 4443 419 4486 eo
442 4423 689 4506 coquebantur.“
733 4423 771 4487 In
798 4429 908 4486 nostro
931 4428 1036 4486 autem
1059 4419 1231 4504 proverbio
1252 4426 1362 4484 vocem
