2866 5176
794 336 835 399 48

262 541 392 602 numero
425 538 668 621 proverbiorum
701 556 865 623 ponamus.
921 537 990 616 Qua
1023 559 1063 604 ex
1095 559 1130 604 re
1163 537 1365 620 intelligitur,

264 667 358 729 quam
381 666 482 730 parva
504 648 583 714 fides
607 649 726 714 Suidae
748 657 781 715 et
800 650 971 732 Apostolio
995 649 1037 713 sit
1058 648 1214 713 habenda.

363 757 416 822 Ile*
433 745 571 841 persona
592 758 751 824 Patroclis
774 759 925 825 disseruit
946 758 1142 824 Fritzsohins
1174 759 1219 822 in‘
1240 761 1367 841 quaest.

264 867 426 950 Aristoph.
451 867 474 949 Ι,
496 866 546 930 80.

364 975 411 1040 Ut
432 977 514 1041 alios
535 977 686 1058 omittam,
709 979 767 1041 hos
793 984 915 1042 tantum
937 978 1028 1043 locos
1049 978 1163 1044 afferre
1185 977 1272 1057 libet,
1299 975 1368 1058 qui-

264 1087 322 1149 bus
338 1085 570 1168 Aristophanes
584 1087 727 1151 hominos
744 1087 885 1169 singulos
906 1086 1021 1152 irridet
1036 1088 1257 1170 castigatquez-
1270 1105 1368 1168 prop·

264 1200 313 1259 ter
332 1195 498 1259 mollitiam
519 1195 736 1278 luxuriamque
753 1197 938 1280 Moryohum
961 1197 1118 1279 quendam
1140 1197 1173 1261 in
1198 1214 1286 1278 resp.
1301 1194 1368 1257 505

265 1312 298 1368 et
321 1302 401 1364 1142
435 1305 540 1388 (quem
563 1305 680 1369 Zenoh.
703 1306 743 1387 V,
768 1304 806 1366 13
834 1311 867 1369 et
888 1305 971 1369 Mae.
994 1305 1049 1384 VI,
1073 1303 1101 1367 8.
1125 1313 1158 1369 et
1180 1305 1222 1368 M.
1245 1304 1281 1367 Ρ.
1305 1302 1366 1383 ΙΙΙ,

263 1411 305 1475 25
325 1420 529 1495 notaverunt,
560 1414 589 1476 is
623 1413 704 1478 alius
737 1434 808 1479 esse
842 1414 968 1479 videtur
1001 1415 1120 1498 quippe
1153 1414 1207 1496 qni
1230 1419 1368 1496 propter

264 1522 428 1588 stultitiam
453 1523 615 1604 proverbii
637 1523 740 1587 locum
762 1524 918 1606 obtineat,
953 1523 1038 1606 quod
1072 1529 1121 1587 est
1152 1519 1320 1603 μωρότερος
1342 1517 1371 1580 εἴ

264 1629 446 1715 Μορύχου.);
469 1638 601 1715 propter
622 1631 782 1714 ignaviam
804 1632 1017 1716 Phrynichum
1040 1632 1197 1714 tragicum
1219 1632 1252 1694 in
1275 1644 1367 1713 vesp.

265 1739 347 1827 1490
368 1747 400 1805 et
421 1741 590 1805 Euoratem
613 1741 646 1804 in
668 1763 738 1824 equ.
762 1740 837 1824 2543
870 1742 1053 1825 Epicratem
1075 1741 1106 1804 in
1129 1740 1244 1805 eccles.
1268 1737 1307 1800 ll
1333 1747 1367 1804 et

262 1846 470 1914 Phormisium
494 1851 650 1934 quendam
668 1852 700 1915 in
723 1852 838 1917 eccles.
861 1849 901 1914 97
925 1857 1059 1934 propter
1079 1851 1223 1931 barbam;
1247 1848 1366 1913 deinde

263 1958 428 2024 Coruinum
450 1957 607 2044 tragicum
628 1968 756 2044 poetam
772 1982 845 2025 oum·
858 1960 959 2024 tribus
974 1958 1096 2022 filiis'in
1114 1979 1201 2041 resp.
1221 1955 1365 2022 1501--8

262 2075 294 2133 et
316 2089 386 2153 pao.
410 2067 590 2151 rso-96,
624 2070 902 2154 Chaerephontem
929 2069 1075 2135 Socratis
1108 2067 1302 2150 discipulum
1331 2066 1365 2128 in

262 2197 351 2261 vesp.
377 2175 471 2261 1408;
505 2179 666 2243 Molonem
686 2179 719 2242 in
741 2199 807 2243 ran.
830 2177 872 2240 55
894 2185 1028 2261 propter
1049 2189 1184 2260 parvam
1215 2175 1366 2258 eorporis

262 2294 424 2352 staturam.
470 2287 533 2353 sen
566 2285 638 2351 finis
657 2278 824 2370 exemplis
857 2286 951 2370 hujus
986 2286 1112 2368 generis
1141 2284 1366 2350 enumerandis

261 2396 470 2480 imponendus
493 2405 565 2477 est,·
588 2397 736 2480 quoniam
759 2418 797 2461 ea
823 2417 885 2461 non
912 2397 1043 2481 proprie
1074 2396 1114 2460 ad
1128 2394 1367 2478 'id-pertinent,

261 2505 347 2588 quod
369 2507 444 2570 mihi
464 2507 668 2591 ¹propositum
691 2512 753 2588 est,
788 2507 845 2571 sed
873 2506 965 2589 quasi
991 2505 1066 2569 laxo
1090 2511 1209 2569 tantum
1233 2503 1367 2567 vinonio

131 2693 134 2698 Ι
262 2634 339 2693 oum
355 2635 393 2681 oo
417 2622 489 2681 sunt
512 2616 693 2707 eonjunota.

361 2724 586 2790 Proverbiales
617 2745 695 2790 voro
728 2723 906 2789 locutiones
933 2743 953 2787 a
981 2712 1176 2807 singulorum
1204 2720 1368 2786 hominum

260 2833 369 2899 indole
401 2824 605 2918 moribusque
637 2835 689 2900 vol
722 2835 795 2898 aliis
821 2834 861 2899 de
895 2835 1000 2898 causis
1027 2833 1148 2916 petitae
1180 2831 1243 2895 hae
1277 2837 1367 2897 sunt:

259 2942 391 3007 Tantali
418 2946 502 3028 regis
532 2940 692 3028 Phrygiae
720 2943 853 3008 divitiae
883 2950 991 3009 tantae
1015 2943 1297 3021 existimabantur,
1331 2947 1369 3004 ut

260 3054 432 3136 proverbio
456 3054 702 3133 celebrarentur,
725 3061 761 3116 ut
780 3053 898 3136 legitur
926 3075 977 3137 ap.
997 3053 1083 3117 Phot
1105 3070 1145 3136 p.
1168 3038 1294 3132 570‚13‚-
1316 3071 1369 3115 ex-

261 3163 412 3246 scriptum
435 3165 476 3228 ab
502 3160 730 3248 apost-idid
753 3161 807 3243 (of.
824 3163 921 3227 Arist.
938 3161 1044 3244 frgmt.
1061 3159 1151 3241 711):
1174 3156 1367 3224 Ταντάλου

260 3272 434 3339 τάλαντα;
458 3272 595 3338 πλούσιος
619 3269 634 3332 ὁ
658 3269 739 3354 Φρὺξ
760 3251 911 3339 Τάνταλος
933 3269 1112 3355 διεβεβόητο,
1137 3267 1292 3337 Πλουτοῦς
1318 3268 1369 3331 καὶ

260 3378 523 3466 Διὀτλεγόμενυς·
557 3380 696 3464 κέχρηται
723 3381 755 3442 δὲ
782 3384 821 3464 τῇ
846 3379 983 3464 παροιμίᾳ
1012 3379 1059 3440 καὶ
1077 3376 1252 3460 Ἀνακρέων
1275 3376 1306 3439 ἐν
1329 3379 1367 3460 γ’.

259 3487 360 3571 γέγονε
378 3490 412 3552 δὲ
427 3488 505 3574 παρὰ
520 3488 552 3551 τὸ
570 3487 661 3573 ὄνομα
680 3491 817 3571 τάλαντα,
842 3493 882 3557 ὡς
896 3489 943 3552 καὶ
961 3487 1040 3571 παρὰ
1055 3492 1099 3572 τῷ
1114 3491 1237 3572 temptaui
1253 3481 1367 3570 εἴρηται

262 3599 325 3680 „rol
358 3596 543 3662 Ταντάλου
577 3584 1051 3671 τάλ.αν’τα”τανταλι’ζετνιι,“
1107 3597 1367 3663 Eandemloou·

259 3708 377 3774 tionem
410 3717 684 3774 commemoratam
715 3709 850 3792 legimus
882 3710 914 3772 in
948 3709 1052 3792 frgmt.
1083 3707 1166 3770 Men.
1195 3727 1246 3791 ap.
1271 3704 1365 3771 Stoh.

258 3817 351 3882 floril.
373 3815 423 3899 22,
448 3817 487 3879 19
509 3826 541 3883 et
565 3816 691 3900 118‚10:
725 3816 762 3879 τὰ
784 3814 937 3880 Ταντάλου
959 3816 1077 3879 ’τάλαντ’
1100 3814 1195 3876 ἐκεῖνα
1218 3813 1368 3898 λεγόμενα

259 3934 292 3993 et
314 3949 364 4013 ap.
387 3928 461 3994 Plat
495 3928 671 4011 Euthyphr.
696 3948 726 4011 p.
752 3927 799 4009 11,
831 3929 870 3991 D.
924 3928 1073 4009 ingentes
1101 3925 1200 4007 igitur
1232 3922 1368 3989 divitiae

258 4040 457 4102 vocabantur
483 4034 636 4099 Ταντάλου
665 4037 808 4120 τάλαντα,
843 4037 894 4106 ¹vel
922 4036 962 4100 de
988 4033 1168 4098 hominibus
1195 4032 1368 4098 ditissimis
1413 4109 1416 4113 Δ

257 4146 379 4213 locutio
408 4148 441 4211 in
469 4168 527 4212 usu
553 4147 642 4231 vulgi
670 4153 742 4211 erat
763 4145 799 4208 τὰ
826 4143 979 4209 Ταντάλου
1003 4145 1131 4206 τάλαντα
1154 4143 1365 4214 τανταλίζτται.

257 4256 369 4322 Verba
396 4257 623 4341 Aristophanis
650 4254 687 4317 rol
708 4257 731 4317 τ’
761 4255 898 4340 Αἰσχίνου
923 4255 1050 4316 τάλαντα
1083 4254 1145 4316 huc
1179 4270 1250 4317 esse
1284 4252 1368 4318 refe·

258 4366 366 4448 reuda,
389 4367 465 4430 mihi
488 4388 550 4431 nou
574 4372 623 4431 est
645 4366 828 4431 verisimile.

359 4475 513 4543 Similiter
535 4476 631 4541 etiam
652 4474 761 4540 Midae
783 4475 932 4555 divitiae,
965 4491 1057 4556 quem
1091 4470 1171 4536 asini
1195 4460 1368 4539 aures-ha·
